<Document xmlns="urn:iso:std:iso:20022:tech:xsd:camt.053.001.02" xmlns:xsi="http://www.w3.org/2001/XMLSchema-instance" xsi:schemaLocation="urn:iso:std:iso:20022:tech:xsd:camt.053.001.02 camt.053.001.02.xsd"><BkToCstmrStmt><GrpHdr><MsgId></MsgId><CreDtTm>2025-10-14T21:13:22</CreDtTm></GrpHdr><Stmt><Id></Id><ElctrncSeqNb></ElctrncSeqNb><LglSeqNb></LglSeqNb><CreDtTm></CreDtTm><FrToDt><FrDtTm>2024-01-01T00:00:00</FrDtTm><ToDtTm>2024-12-31T23:59:59</ToDtTm></FrToDt><Acct><Id><IBAN></IBAN><Othr><Id>40702810440000030888</Id><SchmeNm><Cd></Cd></SchmeNm></Othr></Id><Ccy>RUB</Ccy><Nm></Nm><Ownr><Nm>ОБЩЕСТВО С ОГРАНИЧЕННОЙ ОТВЕТСТВЕННОСТЬЮ "РОМАШКА"</Nm><PstlAdr><StrtNm></StrtNm><BldgNb></BldgNb><PstCd></PstCd><TwnNm></TwnNm><Ctry></Ctry></PstlAdr><BldgNb>0</BldgNb><PstCd>0</PstCd><TwnNm></TwnNm><Ctry></Ctry><Id><OrgId><Othr><Id></Id><SchmeNm><Cd></Cd></SchmeNm></Othr></OrgId></Id></Ownr><Svcr><FinInstnId><BIC></BIC><Nm></Nm><PstlAdr><StrtNm></StrtNm><BldgNb></BldgNb><PstCd></PstCd><TwnNm></TwnNm><Ctry></Ctry></PstlAdr></FinInstnId></Svcr></Acct><Bal><Tp><CdOrPrtry><Cd>OPDB</Cd></CdOrPrtry></Tp><Amt Ccy="RUB">0,00</Amt><CdtDbtInd></CdtDbtInd><Dt><Dt></Dt></Dt></Bal><Bal><Tp><CdOrPrtry><Cd>CLDB</Cd></CdOrPrtry></Tp><Amt Ccy="RUB"></Amt><CdtDbtInd></CdtDbtInd><Dt><Dt></Dt></Dt></Bal><TxsSummry><TtlNtries><NbOfNtries>157000.00</NbOfNtries><TtlNetNtryAmt>0</TtlNetNtryAmt><CdtDbtInd></CdtDbtInd></TtlNtries><TtlCdtNtries><NbOfNtries>0</NbOfNtries><Sum></Sum></TtlCdtNtries><TtlDbtNtries><NbOfNtries>0</NbOfNtries><Sum></Sum></TtlDbtNtries></TxsSummry><Ntry><NtryRef>0</NtryRef><Amt Ccy="RUB">1540.00</Amt><CdtDbtInd>DBIT</CdtDbtInd><Sts></Sts><BookgDt><Dt>2024-02-20</Dt></BookgDt><ValDt><Dt>2024-02-20</Dt></ValDt><AcctSvcrRef>1</AcctSvcrRef><BkTxCd><Domn><Cd></Cd><Fmly><Cd></Cd><SubFmlyCd></SubFmlyCd></Fmly></Domn><Prtry><Cd>01</Cd><Issr>ПАО СБЕРБАНК
</Issr></Prtry></BkTxCd><AddtlInfInd><MsgNmId></MsgNmId></AddtlInfInd><NtryDtls><Btch><NbOfTxs>0</NbOfTxs></Btch><TxDtls><Refs><PmtInfId></PmtInfId><InstrId></InstrId><EndToEndId>1</EndToEndId><TxId></TxId><Prtry><Tp></Tp><Ref></Ref></Prtry></Refs><AmtDtls><EndToEndId></EndToEndId><InstdAmt><Tp></Tp><Amt Ccy=""></Amt><CcyXchg><SrcCcy></SrcCcy><TrgtCcy></TrgtCcy><UnitCcy></UnitCcy><XchgRate></XchgRate></CcyXchg></InstdAmt><TxAmt><Tp></Tp><Amt Ccy=""></Amt><CcyXchg><SrcCcy></SrcCcy><TrgtCcy></TrgtCcy><UnitCcy></UnitCcy><XchgRate></XchgRate></CcyXchg></TxAmt><PrtryAmt><Tp></Tp><Amt Ccy=""></Amt><CcyXchg><SrcCcy></SrcCcy><TrgtCcy></TrgtCcy><UnitCcy></UnitCcy><XchgRate></XchgRate></CcyXchg></PrtryAmt><Amt></Amt></AmtDtls><BkTxCd><Domn><Cd></Cd><Fmly><Cd></Cd><SubFmlyCd></SubFmlyCd></Fmly></Domn><Prtry><Cd></Cd><Issr></Issr></Prtry></BkTxCd><RltdPties><Dbtr><Id><Othr><Id>7735602068</Id></Othr></Id><Nm>ООО РОМАШКА</Nm><PstlAdr><StrtNm></StrtNm><BldgNb></BldgNb><PstCd></PstCd><TwnNm></TwnNm><Ctry></Ctry></PstlAdr></Dbtr><DbtrAcct><Id><IBAN></IBAN><Othr><Id></Id><SchmeNm><Cd></Cd></SchmeNm></Othr></Id><Other><Id>40702810440000030888</Id></Other></DbtrAcct><Cdtr><Id><Othr><Id>7735602068</Id></Othr></Id><Nm>ООО РОМАШКА</Nm><PstlAdr><StrtNm></StrtNm><BldgNb></BldgNb><PstCd></PstCd><TwnNm></TwnNm><Ctry></Ctry></PstlAdr></Cdtr><CdtrAcct><Id><IBAN></IBAN><Othr><Id></Id><SchmeNm><Cd></Cd></SchmeNm></Othr></Id><Other><Id>40702810440000030888</Id></Other></CdtrAcct></RltdPties><RltdAgts><CdtrAgt><FinInstnId><BIC></BIC><Nm></Nm><PstlAdr><StrtNm></StrtNm><BldgNb></BldgNb><PstCd></PstCd><TwnNm></TwnNm><Ctry></Ctry></PstlAdr></FinInstnId></CdtrAgt><DbtrAgt><FinInstnId><BIC>044525545</BIC><Nm>АО ЮниКредит Банк</Nm><PstlAdr><StrtNm></StrtNm><BldgNb></BldgNb><PstCd></PstCd><TwnNm></TwnNm><Ctry></Ctry></PstlAdr></FinInstnId></DbtrAgt></RltdAgts><RmtInf><Ustrd>Оплата по СЧЁТ № 4446141-5263495/NIC-D от 15.02.2024  по договору 5263495/NIC-DВ (регистрация доменного имени)  В том числе НДС 20 % - 256.67 рублей.</Ustrd><Strd><CdtrRefInf><Tp><CdOrPrtry><Cd></Cd></CdOrPrtry></Tp><Ref></Ref></CdtrRefInf></Strd></RmtInf><RltdDts><AccptncDtTm></AccptncDtTm></RltdDts><AddtlTxInf></AddtlTxInf></TxDtls></NtryDtls></Ntry><Ntry><NtryRef>0</NtryRef><Amt Ccy="RUB">7900.00</Amt><CdtDbtInd>DBIT</CdtDbtInd><Sts></Sts><BookgDt><Dt>2024-02-20</Dt></BookgDt><ValDt><Dt>2024-02-20</Dt></ValDt><AcctSvcrRef>2</AcctSvcrRef><BkTxCd><Domn><Cd></Cd><Fmly><Cd></Cd><SubFmlyCd></SubFmlyCd></Fmly></Domn><Prtry><Cd>01</Cd><Issr>ПАО СБЕРБАНК
</Issr></Prtry></BkTxCd><AddtlInfInd><MsgNmId></MsgNmId></AddtlInfInd><NtryDtls><Btch><NbOfTxs>0</NbOfTxs></Btch><TxDtls><Refs><PmtInfId></PmtInfId><InstrId></InstrId><EndToEndId>1</EndToEndId><TxId></TxId><Prtry><Tp></Tp><Ref></Ref></Prtry></Refs><AmtDtls><EndToEndId></EndToEndId><InstdAmt><Tp></Tp><Amt Ccy=""></Amt><CcyXchg><SrcCcy></SrcCcy><TrgtCcy></TrgtCcy><UnitCcy></UnitCcy><XchgRate></XchgRate></CcyXchg></InstdAmt><TxAmt><Tp></Tp><Amt Ccy=""></Amt><CcyXchg><SrcCcy></SrcCcy><TrgtCcy></TrgtCcy><UnitCcy></UnitCcy><XchgRate></XchgRate></CcyXchg></TxAmt><PrtryAmt><Tp></Tp><Amt Ccy=""></Amt><CcyXchg><SrcCcy></SrcCcy><TrgtCcy></TrgtCcy><UnitCcy></UnitCcy><XchgRate></XchgRate></CcyXchg></PrtryAmt><Amt></Amt></AmtDtls><BkTxCd><Domn><Cd></Cd><Fmly><Cd></Cd><SubFmlyCd></SubFmlyCd></Fmly></Domn><Prtry><Cd></Cd><Issr></Issr></Prtry></BkTxCd><RltdPties><Dbtr><Id><Othr><Id>7735602068</Id></Othr></Id><Nm>ООО РОМАШКА</Nm><PstlAdr><StrtNm></StrtNm><BldgNb></BldgNb><PstCd></PstCd><TwnNm></TwnNm><Ctry></Ctry></PstlAdr></Dbtr><DbtrAcct><Id><IBAN></IBAN><Othr><Id></Id><SchmeNm><Cd></Cd></SchmeNm></Othr></Id><Other><Id>40702810440000030888</Id></Other></DbtrAcct><Cdtr><Id><Othr><Id>7735602068</Id></Othr></Id><Nm>ООО РОМАШКА</Nm><PstlAdr><StrtNm></StrtNm><BldgNb></BldgNb><PstCd></PstCd><TwnNm></TwnNm><Ctry></Ctry></PstlAdr></Cdtr><CdtrAcct><Id><IBAN></IBAN><Othr><Id></Id><SchmeNm><Cd></Cd></SchmeNm></Othr></Id><Other><Id>40702810440000030888</Id></Other></CdtrAcct></RltdPties><RltdAgts><CdtrAgt><FinInstnId><BIC></BIC><Nm></Nm><PstlAdr><StrtNm></StrtNm><BldgNb></BldgNb><PstCd></PstCd><TwnNm></TwnNm><Ctry></Ctry></PstlAdr></FinInstnId></CdtrAgt><DbtrAgt><FinInstnId><BIC></BIC><Nm></Nm><PstlAdr><StrtNm></StrtNm><BldgNb></BldgNb><PstCd></PstCd><TwnNm></TwnNm><Ctry></Ctry></PstlAdr></FinInstnId></DbtrAgt></RltdAgts><RmtInf><Ustrd>Счет-оферта (Сублицензионный договор) № АЗЦ-0001636 от 24 января 2024 г (Передача неисключительных срочных прав (Лицензия) на использование ПП "Астрал Отчетность". 12 мес. НДС не облагается.</Ustrd><Strd><CdtrRefInf><Tp><CdOrPrtry><Cd></Cd></CdOrPrtry></Tp><Ref></Ref></CdtrRefInf></Strd></RmtInf><RltdDts><AccptncDtTm></AccptncDtTm></RltdDts><AddtlTxInf></AddtlTxInf></TxDtls></NtryDtls></Ntry><Ntry><NtryRef>0</NtryRef><Amt Ccy="RUB">10000.00</Amt><CdtDbtInd>CDIT</CdtDbtInd><Sts></Sts><BookgDt><Dt>2024-02-20</Dt></BookgDt><ValDt><Dt>2024-02-20</Dt></ValDt><AcctSvcrRef>616174</AcctSvcrRef><BkTxCd><Domn><Cd></Cd><Fmly><Cd></Cd><SubFmlyCd></SubFmlyCd></Fmly></Domn><Prtry><Cd>01</Cd><Issr>ПАО СБЕРБАНК
</Issr></Prtry></BkTxCd><AddtlInfInd><MsgNmId></MsgNmId></AddtlInfInd><NtryDtls><Btch><NbOfTxs>0</NbOfTxs></Btch><TxDtls><Refs><PmtInfId></PmtInfId><InstrId></InstrId><EndToEndId>1</EndToEndId><TxId></TxId><Prtry><Tp></Tp><Ref></Ref></Prtry></Refs><AmtDtls><EndToEndId></EndToEndId><InstdAmt><Tp></Tp><Amt Ccy=""></Amt><CcyXchg><SrcCcy></SrcCcy><TrgtCcy></TrgtCcy><UnitCcy></UnitCcy><XchgRate></XchgRate></CcyXchg></InstdAmt><TxAmt><Tp></Tp><Amt Ccy=""></Amt><CcyXchg><SrcCcy></SrcCcy><TrgtCcy></TrgtCcy><UnitCcy></UnitCcy><XchgRate></XchgRate></CcyXchg></TxAmt><PrtryAmt><Tp></Tp><Amt Ccy=""></Amt><CcyXchg><SrcCcy></SrcCcy><TrgtCcy></TrgtCcy><UnitCcy></UnitCcy><XchgRate></XchgRate></CcyXchg></PrtryAmt><Amt></Amt></AmtDtls><BkTxCd><Domn><Cd></Cd><Fmly><Cd></Cd><SubFmlyCd></SubFmlyCd></Fmly></Domn><Prtry><Cd></Cd><Issr></Issr></Prtry></BkTxCd><RltdPties><Dbtr><Id><Othr><Id>7707083893</Id></Othr></Id><Nm>ПАО СБЕРБАНК//ИВАНОВА ЕВГЕНИЯ ИВАНОВНА//1802411823342//125466,РОССИЯ,МОСКВА Г,Г МОСКВА,УЛ.ЛЕНИНСКИЙ ПРОСПЕКТ Д.1 КВ.17</Nm><PstlAdr><StrtNm></StrtNm><BldgNb></BldgNb><PstCd></PstCd><TwnNm></TwnNm><Ctry></Ctry></PstlAdr></Dbtr><DbtrAcct><Id><IBAN></IBAN><Othr><Id></Id><SchmeNm><Cd></Cd></SchmeNm></Othr></Id><Other><Id>30233810642000600001</Id></Other></DbtrAcct><Cdtr><Id><Othr><Id>7707083893</Id></Othr></Id><Nm>ПАО СБЕРБАНК//ИВАНОВА ЕВГЕНИЯ ИВАНОВНА//1802411823342//125466,РОССИЯ,МОСКВА Г,Г МОСКВА,УЛ.ЛЕНИНСКИЙ ПРОСПЕКТ Д.1 КВ.17</Nm><PstlAdr><StrtNm></StrtNm><BldgNb></BldgNb><PstCd></PstCd><TwnNm></TwnNm><Ctry></Ctry></PstlAdr></Cdtr><CdtrAcct><Id><IBAN></IBAN><Othr><Id></Id><SchmeNm><Cd></Cd></SchmeNm></Othr></Id><Other><Id>30233810642000600001</Id></Other></CdtrAcct></RltdPties><RltdAgts><CdtrAgt><FinInstnId><BIC></BIC><Nm></Nm><PstlAdr><StrtNm></StrtNm><BldgNb></BldgNb><PstCd></PstCd><TwnNm></TwnNm><Ctry></Ctry></PstlAdr></FinInstnId></CdtrAgt><DbtrAgt><FinInstnId><BIC></BIC><Nm></Nm><PstlAdr><StrtNm></StrtNm><BldgNb></BldgNb><PstCd></PstCd><TwnNm></TwnNm><Ctry></Ctry></PstlAdr></FinInstnId></DbtrAgt></RltdAgts><RmtInf><Ustrd>Предоставление займа по договору 01/з от 24/01/2023.НДС не облагается;20/02/2024</Ustrd><Strd><CdtrRefInf><Tp><CdOrPrtry><Cd></Cd></CdOrPrtry></Tp><Ref></Ref></CdtrRefInf></Strd></RmtInf><RltdDts><AccptncDtTm></AccptncDtTm></RltdDts><AddtlTxInf></AddtlTxInf></TxDtls></NtryDtls></Ntry><Ntry><NtryRef>0</NtryRef><Amt Ccy="RUB">2000.00</Amt><CdtDbtInd>CDIT</CdtDbtInd><Sts></Sts><BookgDt><Dt>2024-03-04</Dt></BookgDt><ValDt><Dt>2024-03-04</Dt></ValDt><AcctSvcrRef>227007</AcctSvcrRef><BkTxCd><Domn><Cd></Cd><Fmly><Cd></Cd><SubFmlyCd></SubFmlyCd></Fmly></Domn><Prtry><Cd>01</Cd><Issr>ПАО СБЕРБАНК
</Issr></Prtry></BkTxCd><AddtlInfInd><MsgNmId></MsgNmId></AddtlInfInd><NtryDtls><Btch><NbOfTxs>0</NbOfTxs></Btch><TxDtls><Refs><PmtInfId></PmtInfId><InstrId></InstrId><EndToEndId>1</EndToEndId><TxId></TxId><Prtry><Tp></Tp><Ref></Ref></Prtry></Refs><AmtDtls><EndToEndId></EndToEndId><InstdAmt><Tp></Tp><Amt Ccy=""></Amt><CcyXchg><SrcCcy></SrcCcy><TrgtCcy></TrgtCcy><UnitCcy></UnitCcy><XchgRate></XchgRate></CcyXchg></InstdAmt><TxAmt><Tp></Tp><Amt Ccy=""></Amt><CcyXchg><SrcCcy></SrcCcy><TrgtCcy></TrgtCcy><UnitCcy></UnitCcy><XchgRate></XchgRate></CcyXchg></TxAmt><PrtryAmt><Tp></Tp><Amt Ccy=""></Amt><CcyXchg><SrcCcy></SrcCcy><TrgtCcy></TrgtCcy><UnitCcy></UnitCcy><XchgRate></XchgRate></CcyXchg></PrtryAmt><Amt></Amt></AmtDtls><BkTxCd><Domn><Cd></Cd><Fmly><Cd></Cd><SubFmlyCd></SubFmlyCd></Fmly></Domn><Prtry><Cd></Cd><Issr></Issr></Prtry></BkTxCd><RltdPties><Dbtr><Id><Othr><Id>7707083893</Id></Othr></Id><Nm>ПАО СБЕРБАНК//ИВАНОВА ЕВГЕНИЯ ИВАНОВНА//1809361702939//125466,РОССИЯ,МОСКВА Г,Г МОСКВА,УЛ.ЛЕНИНСКИЙ ПРОСПЕКТ Д.1 КВ.17</Nm><PstlAdr><StrtNm></StrtNm><BldgNb></BldgNb><PstCd></PstCd><TwnNm></TwnNm><Ctry></Ctry></PstlAdr></Dbtr><DbtrAcct><Id><IBAN></IBAN><Othr><Id></Id><SchmeNm><Cd></Cd></SchmeNm></Othr></Id><Other><Id>30233810642000600001</Id></Other></DbtrAcct><Cdtr><Id><Othr><Id>7707083893</Id></Othr></Id><Nm>ПАО СБЕРБАНК//ИВАНОВА ЕВГЕНИЯ ИВАНОВНА//1809361702939//125466,РОССИЯ,МОСКВА Г,Г МОСКВА,УЛ.ЛЕНИНСКИЙ ПРОСПЕКТ Д.1 КВ.17</Nm><PstlAdr><StrtNm></StrtNm><BldgNb></BldgNb><PstCd></PstCd><TwnNm></TwnNm><Ctry></Ctry></PstlAdr></Cdtr><CdtrAcct><Id><IBAN></IBAN><Othr><Id></Id><SchmeNm><Cd></Cd></SchmeNm></Othr></Id><Other><Id>30233810642000600001</Id></Other></CdtrAcct></RltdPties><RltdAgts><CdtrAgt><FinInstnId><BIC></BIC><Nm></Nm><PstlAdr><StrtNm></StrtNm><BldgNb></BldgNb><PstCd></PstCd><TwnNm></TwnNm><Ctry></Ctry></PstlAdr></FinInstnId></CdtrAgt><DbtrAgt><FinInstnId><BIC></BIC><Nm></Nm><PstlAdr><StrtNm></StrtNm><BldgNb></BldgNb><PstCd></PstCd><TwnNm></TwnNm><Ctry></Ctry></PstlAdr></FinInstnId></DbtrAgt></RltdAgts><RmtInf><Ustrd>Предоставление займа по договору 01/з от 24/01/2023.НДС не облагается;03/03/2024</Ustrd><Strd><CdtrRefInf><Tp><CdOrPrtry><Cd></Cd></CdOrPrtry></Tp><Ref></Ref></CdtrRefInf></Strd></RmtInf><RltdDts><AccptncDtTm></AccptncDtTm></RltdDts><AddtlTxInf></AddtlTxInf></TxDtls></NtryDtls></Ntry><Ntry><NtryRef>0</NtryRef><Amt Ccy="RUB">40000.00</Amt><CdtDbtInd>CDIT</CdtDbtInd><Sts></Sts><BookgDt><Dt>2024-03-04</Dt></BookgDt><ValDt><Dt>2024-03-04</Dt></ValDt><AcctSvcrRef>226951</AcctSvcrRef><BkTxCd><Domn><Cd></Cd><Fmly><Cd></Cd><SubFmlyCd></SubFmlyCd></Fmly></Domn><Prtry><Cd>01</Cd><Issr>ПАО СБЕРБАНК
</Issr></Prtry></BkTxCd><AddtlInfInd><MsgNmId></MsgNmId></AddtlInfInd><NtryDtls><Btch><NbOfTxs>0</NbOfTxs></Btch><TxDtls><Refs><PmtInfId></PmtInfId><InstrId></InstrId><EndToEndId>1</EndToEndId><TxId></TxId><Prtry><Tp></Tp><Ref></Ref></Prtry></Refs><AmtDtls><EndToEndId></EndToEndId><InstdAmt><Tp></Tp><Amt Ccy=""></Amt><CcyXchg><SrcCcy></SrcCcy><TrgtCcy></TrgtCcy><UnitCcy></UnitCcy><XchgRate></XchgRate></CcyXchg></InstdAmt><TxAmt><Tp></Tp><Amt Ccy=""></Amt><CcyXchg><SrcCcy></SrcCcy><TrgtCcy></TrgtCcy><UnitCcy></UnitCcy><XchgRate></XchgRate></CcyXchg></TxAmt><PrtryAmt><Tp></Tp><Amt Ccy=""></Amt><CcyXchg><SrcCcy></SrcCcy><TrgtCcy></TrgtCcy><UnitCcy></UnitCcy><XchgRate></XchgRate></CcyXchg></PrtryAmt><Amt></Amt></AmtDtls><BkTxCd><Domn><Cd></Cd><Fmly><Cd></Cd><SubFmlyCd></SubFmlyCd></Fmly></Domn><Prtry><Cd></Cd><Issr></Issr></Prtry></BkTxCd><RltdPties><Dbtr><Id><Othr><Id>7707083893</Id></Othr></Id><Nm>ПАО СБЕРБАНК//ИВАНОВА ЕВГЕНИЯ ИВАНОВНА//1809361526459//125466,РОССИЯ,МОСКВА Г,Г МОСКВА,УЛ.ЛЕНИНСКИЙ ПРОСПЕКТ Д.1 КВ.17</Nm><PstlAdr><StrtNm></StrtNm><BldgNb></BldgNb><PstCd></PstCd><TwnNm></TwnNm><Ctry></Ctry></PstlAdr></Dbtr><DbtrAcct><Id><IBAN></IBAN><Othr><Id></Id><SchmeNm><Cd></Cd></SchmeNm></Othr></Id><Other><Id>30233810642000600001</Id></Other></DbtrAcct><Cdtr><Id><Othr><Id>7707083893</Id></Othr></Id><Nm>ПАО СБЕРБАНК//ИВАНОВА ЕВГЕНИЯ ИВАНОВНА//1809361526459//125466,РОССИЯ,МОСКВА Г,Г МОСКВА,УЛ.ЛЕНИНСКИЙ ПРОСПЕКТ Д.1 КВ.17</Nm><PstlAdr><StrtNm></StrtNm><BldgNb></BldgNb><PstCd></PstCd><TwnNm></TwnNm><Ctry></Ctry></PstlAdr></Cdtr><CdtrAcct><Id><IBAN></IBAN><Othr><Id></Id><SchmeNm><Cd></Cd></SchmeNm></Othr></Id><Other><Id>30233810642000600001</Id></Other></CdtrAcct></RltdPties><RltdAgts><CdtrAgt><FinInstnId><BIC></BIC><Nm></Nm><PstlAdr><StrtNm></StrtNm><BldgNb></BldgNb><PstCd></PstCd><TwnNm></TwnNm><Ctry></Ctry></PstlAdr></FinInstnId></CdtrAgt><DbtrAgt><FinInstnId><BIC></BIC><Nm></Nm><PstlAdr><StrtNm></StrtNm><BldgNb></BldgNb><PstCd></PstCd><TwnNm></TwnNm><Ctry></Ctry></PstlAdr></FinInstnId></DbtrAgt></RltdAgts><RmtInf><Ustrd>Предоставление займа по договору 01/з от 24/01/2023.НДС не облагается;03/03/2024</Ustrd><Strd><CdtrRefInf><Tp><CdOrPrtry><Cd></Cd></CdOrPrtry></Tp><Ref></Ref></CdtrRefInf></Strd></RmtInf><RltdDts><AccptncDtTm></AccptncDtTm></RltdDts><AddtlTxInf></AddtlTxInf></TxDtls></NtryDtls></Ntry><Ntry><NtryRef>0</NtryRef><Amt Ccy="RUB">100.00</Amt><CdtDbtInd>DBIT</CdtDbtInd><Sts></Sts><BookgDt><Dt>2024-03-18</Dt></BookgDt><ValDt><Dt>2024-03-18</Dt></ValDt><AcctSvcrRef>305259</AcctSvcrRef><BkTxCd><Domn><Cd></Cd><Fmly><Cd></Cd><SubFmlyCd></SubFmlyCd></Fmly></Domn><Prtry><Cd>17</Cd><Issr>ПАО СБЕРБАНК
</Issr></Prtry></BkTxCd><AddtlInfInd><MsgNmId></MsgNmId></AddtlInfInd><NtryDtls><Btch><NbOfTxs>0</NbOfTxs></Btch><TxDtls><Refs><PmtInfId></PmtInfId><InstrId></InstrId><EndToEndId>1</EndToEndId><TxId></TxId><Prtry><Tp></Tp><Ref></Ref></Prtry></Refs><AmtDtls><EndToEndId></EndToEndId><InstdAmt><Tp></Tp><Amt Ccy=""></Amt><CcyXchg><SrcCcy></SrcCcy><TrgtCcy></TrgtCcy><UnitCcy></UnitCcy><XchgRate></XchgRate></CcyXchg></InstdAmt><TxAmt><Tp></Tp><Amt Ccy=""></Amt><CcyXchg><SrcCcy></SrcCcy><TrgtCcy></TrgtCcy><UnitCcy></UnitCcy><XchgRate></XchgRate></CcyXchg></TxAmt><PrtryAmt><Tp></Tp><Amt Ccy=""></Amt><CcyXchg><SrcCcy></SrcCcy><TrgtCcy></TrgtCcy><UnitCcy></UnitCcy><XchgRate></XchgRate></CcyXchg></PrtryAmt><Amt></Amt></AmtDtls><BkTxCd><Domn><Cd></Cd><Fmly><Cd></Cd><SubFmlyCd></SubFmlyCd></Fmly></Domn><Prtry><Cd></Cd><Issr></Issr></Prtry></BkTxCd><RltdPties><Dbtr><Id><Othr><Id>7735602068</Id></Othr></Id><Nm>ООО РОМАШКА</Nm><PstlAdr><StrtNm></StrtNm><BldgNb></BldgNb><PstCd></PstCd><TwnNm></TwnNm><Ctry></Ctry></PstlAdr></Dbtr><DbtrAcct><Id><IBAN></IBAN><Othr><Id></Id><SchmeNm><Cd></Cd></SchmeNm></Othr></Id><Other><Id>40702810440000030888</Id></Other></DbtrAcct><Cdtr><Id><Othr><Id>7735602068</Id></Othr></Id><Nm>ООО РОМАШКА</Nm><PstlAdr><StrtNm></StrtNm><BldgNb></BldgNb><PstCd></PstCd><TwnNm></TwnNm><Ctry></Ctry></PstlAdr></Cdtr><CdtrAcct><Id><IBAN></IBAN><Othr><Id></Id><SchmeNm><Cd></Cd></SchmeNm></Othr></Id><Other><Id>40702810440000030888</Id></Other></CdtrAcct></RltdPties><RltdAgts><CdtrAgt><FinInstnId><BIC></BIC><Nm></Nm><PstlAdr><StrtNm></StrtNm><BldgNb></BldgNb><PstCd></PstCd><TwnNm></TwnNm><Ctry></Ctry></PstlAdr></FinInstnId></CdtrAgt><DbtrAgt><FinInstnId><BIC>044525225</BIC><Nm>ПАО Сбербанк</Nm><PstlAdr><StrtNm></StrtNm><BldgNb></BldgNb><PstCd></PstCd><TwnNm></TwnNm><Ctry></Ctry></PstlAdr></FinInstnId></DbtrAgt></RltdAgts><RmtInf><Ustrd>Комиссия за перечисление средств со сч. ЮЛ на сч.ФЛ (в т.ч. при закрытии счета),  (оборот до 150 тыс. руб) по дог. РКО №40702810440000030888 от '11/01/2018'. За документы:№3 (20000 RUR  ) от 18/03/24. Без НДС</Ustrd><Strd><CdtrRefInf><Tp><CdOrPrtry><Cd></Cd></CdOrPrtry></Tp><Ref></Ref></CdtrRefInf></Strd></RmtInf><RltdDts><AccptncDtTm></AccptncDtTm></RltdDts><AddtlTxInf></AddtlTxInf></TxDtls></NtryDtls></Ntry><Ntry><NtryRef>0</NtryRef><Amt Ccy="RUB">20000.00</Amt><CdtDbtInd>DBIT</CdtDbtInd><Sts></Sts><BookgDt><Dt>2024-03-18</Dt></BookgDt><ValDt><Dt>2024-03-18</Dt></ValDt><AcctSvcrRef>3</AcctSvcrRef><BkTxCd><Domn><Cd></Cd><Fmly><Cd></Cd><SubFmlyCd></SubFmlyCd></Fmly></Domn><Prtry><Cd>01</Cd><Issr>ПАО СБЕРБАНК
</Issr></Prtry></BkTxCd><AddtlInfInd><MsgNmId></MsgNmId></AddtlInfInd><NtryDtls><Btch><NbOfTxs>0</NbOfTxs></Btch><TxDtls><Refs><PmtInfId></PmtInfId><InstrId></InstrId><EndToEndId>1</EndToEndId><TxId></TxId><Prtry><Tp></Tp><Ref></Ref></Prtry></Refs><AmtDtls><EndToEndId></EndToEndId><InstdAmt><Tp></Tp><Amt Ccy=""></Amt><CcyXchg><SrcCcy></SrcCcy><TrgtCcy></TrgtCcy><UnitCcy></UnitCcy><XchgRate></XchgRate></CcyXchg></InstdAmt><TxAmt><Tp></Tp><Amt Ccy=""></Amt><CcyXchg><SrcCcy></SrcCcy><TrgtCcy></TrgtCcy><UnitCcy></UnitCcy><XchgRate></XchgRate></CcyXchg></TxAmt><PrtryAmt><Tp></Tp><Amt Ccy=""></Amt><CcyXchg><SrcCcy></SrcCcy><TrgtCcy></TrgtCcy><UnitCcy></UnitCcy><XchgRate></XchgRate></CcyXchg></PrtryAmt><Amt></Amt></AmtDtls><BkTxCd><Domn><Cd></Cd><Fmly><Cd></Cd><SubFmlyCd></SubFmlyCd></Fmly></Domn><Prtry><Cd></Cd><Issr></Issr></Prtry></BkTxCd><RltdPties><Dbtr><Id><Othr><Id>7735602068</Id></Othr></Id><Nm>ООО РОМАШКА</Nm><PstlAdr><StrtNm></StrtNm><BldgNb></BldgNb><PstCd></PstCd><TwnNm></TwnNm><Ctry></Ctry></PstlAdr></Dbtr><DbtrAcct><Id><IBAN></IBAN><Othr><Id></Id><SchmeNm><Cd></Cd></SchmeNm></Othr></Id><Other><Id>40702810440000030888</Id></Other></DbtrAcct><Cdtr><Id><Othr><Id>7735602068</Id></Othr></Id><Nm>ООО РОМАШКА</Nm><PstlAdr><StrtNm></StrtNm><BldgNb></BldgNb><PstCd></PstCd><TwnNm></TwnNm><Ctry></Ctry></PstlAdr></Cdtr><CdtrAcct><Id><IBAN></IBAN><Othr><Id></Id><SchmeNm><Cd></Cd></SchmeNm></Othr></Id><Other><Id>40702810440000030888</Id></Other></CdtrAcct></RltdPties><RltdAgts><CdtrAgt><FinInstnId><BIC></BIC><Nm></Nm><PstlAdr><StrtNm></StrtNm><BldgNb></BldgNb><PstCd></PstCd><TwnNm></TwnNm><Ctry></Ctry></PstlAdr></FinInstnId></CdtrAgt><DbtrAgt><FinInstnId><BIC></BIC><Nm></Nm><PstlAdr><StrtNm></StrtNm><BldgNb></BldgNb><PstCd></PstCd><TwnNm></TwnNm><Ctry></Ctry></PstlAdr></FinInstnId></DbtrAgt></RltdAgts><RmtInf><Ustrd>Счёт на оплату No8279964 от 16 марта 2024 г.  (Отрисовка логотипа компании ) НДС не облагается.</Ustrd><Strd><CdtrRefInf><Tp><CdOrPrtry><Cd></Cd></CdOrPrtry></Tp><Ref></Ref></CdtrRefInf></Strd></RmtInf><RltdDts><AccptncDtTm></AccptncDtTm></RltdDts><AddtlTxInf></AddtlTxInf></TxDtls></NtryDtls></Ntry><Ntry><NtryRef>0</NtryRef><Amt Ccy="RUB">20.00</Amt><CdtDbtInd>DBIT</CdtDbtInd><Sts></Sts><BookgDt><Dt>2024-04-06</Dt></BookgDt><ValDt><Dt>2024-04-06</Dt></ValDt><AcctSvcrRef>172132</AcctSvcrRef><BkTxCd><Domn><Cd></Cd><Fmly><Cd></Cd><SubFmlyCd></SubFmlyCd></Fmly></Domn><Prtry><Cd>17</Cd><Issr>ПАО СБЕРБАНК
</Issr></Prtry></BkTxCd><AddtlInfInd><MsgNmId></MsgNmId></AddtlInfInd><NtryDtls><Btch><NbOfTxs>0</NbOfTxs></Btch><TxDtls><Refs><PmtInfId></PmtInfId><InstrId></InstrId><EndToEndId>1</EndToEndId><TxId></TxId><Prtry><Tp></Tp><Ref></Ref></Prtry></Refs><AmtDtls><EndToEndId></EndToEndId><InstdAmt><Tp></Tp><Amt Ccy=""></Amt><CcyXchg><SrcCcy></SrcCcy><TrgtCcy></TrgtCcy><UnitCcy></UnitCcy><XchgRate></XchgRate></CcyXchg></InstdAmt><TxAmt><Tp></Tp><Amt Ccy=""></Amt><CcyXchg><SrcCcy></SrcCcy><TrgtCcy></TrgtCcy><UnitCcy></UnitCcy><XchgRate></XchgRate></CcyXchg></TxAmt><PrtryAmt><Tp></Tp><Amt Ccy=""></Amt><CcyXchg><SrcCcy></SrcCcy><TrgtCcy></TrgtCcy><UnitCcy></UnitCcy><XchgRate></XchgRate></CcyXchg></PrtryAmt><Amt></Amt></AmtDtls><BkTxCd><Domn><Cd></Cd><Fmly><Cd></Cd><SubFmlyCd></SubFmlyCd></Fmly></Domn><Prtry><Cd></Cd><Issr></Issr></Prtry></BkTxCd><RltdPties><Dbtr><Id><Othr><Id>7735602068</Id></Othr></Id><Nm>ООО РОМАШКА</Nm><PstlAdr><StrtNm></StrtNm><BldgNb></BldgNb><PstCd></PstCd><TwnNm></TwnNm><Ctry></Ctry></PstlAdr></Dbtr><DbtrAcct><Id><IBAN></IBAN><Othr><Id></Id><SchmeNm><Cd></Cd></SchmeNm></Othr></Id><Other><Id>40702810440000030888</Id></Other></DbtrAcct><Cdtr><Id><Othr><Id>7735602068</Id></Othr></Id><Nm>ООО РОМАШКА</Nm><PstlAdr><StrtNm></StrtNm><BldgNb></BldgNb><PstCd></PstCd><TwnNm></TwnNm><Ctry></Ctry></PstlAdr></Cdtr><CdtrAcct><Id><IBAN></IBAN><Othr><Id></Id><SchmeNm><Cd></Cd></SchmeNm></Othr></Id><Other><Id>40702810440000030888</Id></Other></CdtrAcct></RltdPties><RltdAgts><CdtrAgt><FinInstnId><BIC></BIC><Nm></Nm><PstlAdr><StrtNm></StrtNm><BldgNb></BldgNb><PstCd></PstCd><TwnNm></TwnNm><Ctry></Ctry></PstlAdr></FinInstnId></CdtrAgt><DbtrAgt><FinInstnId><BIC>044525225</BIC><Nm>ПАО Сбербанк</Nm><PstlAdr><StrtNm></StrtNm><BldgNb></BldgNb><PstCd></PstCd><TwnNm></TwnNm><Ctry></Ctry></PstlAdr></FinInstnId></DbtrAgt></RltdAgts><RmtInf><Ustrd>Комиссия за перечисление средств со сч. ЮЛ на сч.ФЛ (в т.ч. при закрытии счета),  (оборот до 150 тыс. руб) по дог. РКО №40702810440000030888 от '11/01/2018'. За документы:№4 (4000 RUR  ) от 06/04/24. Без НДС</Ustrd><Strd><CdtrRefInf><Tp><CdOrPrtry><Cd></Cd></CdOrPrtry></Tp><Ref></Ref></CdtrRefInf></Strd></RmtInf><RltdDts><AccptncDtTm></AccptncDtTm></RltdDts><AddtlTxInf></AddtlTxInf></TxDtls></NtryDtls></Ntry><Ntry><NtryRef>0</NtryRef><Amt Ccy="RUB">4000.00</Amt><CdtDbtInd>DBIT</CdtDbtInd><Sts></Sts><BookgDt><Dt>2024-04-06</Dt></BookgDt><ValDt><Dt>2024-04-06</Dt></ValDt><AcctSvcrRef>4</AcctSvcrRef><BkTxCd><Domn><Cd></Cd><Fmly><Cd></Cd><SubFmlyCd></SubFmlyCd></Fmly></Domn><Prtry><Cd>01</Cd><Issr>ПАО СБЕРБАНК
</Issr></Prtry></BkTxCd><AddtlInfInd><MsgNmId></MsgNmId></AddtlInfInd><NtryDtls><Btch><NbOfTxs>0</NbOfTxs></Btch><TxDtls><Refs><PmtInfId></PmtInfId><InstrId></InstrId><EndToEndId>1</EndToEndId><TxId></TxId><Prtry><Tp></Tp><Ref></Ref></Prtry></Refs><AmtDtls><EndToEndId></EndToEndId><InstdAmt><Tp></Tp><Amt Ccy=""></Amt><CcyXchg><SrcCcy></SrcCcy><TrgtCcy></TrgtCcy><UnitCcy></UnitCcy><XchgRate></XchgRate></CcyXchg></InstdAmt><TxAmt><Tp></Tp><Amt Ccy=""></Amt><CcyXchg><SrcCcy></SrcCcy><TrgtCcy></TrgtCcy><UnitCcy></UnitCcy><XchgRate></XchgRate></CcyXchg></TxAmt><PrtryAmt><Tp></Tp><Amt Ccy=""></Amt><CcyXchg><SrcCcy></SrcCcy><TrgtCcy></TrgtCcy><UnitCcy></UnitCcy><XchgRate></XchgRate></CcyXchg></PrtryAmt><Amt></Amt></AmtDtls><BkTxCd><Domn><Cd></Cd><Fmly><Cd></Cd><SubFmlyCd></SubFmlyCd></Fmly></Domn><Prtry><Cd></Cd><Issr></Issr></Prtry></BkTxCd><RltdPties><Dbtr><Id><Othr><Id>7735602068</Id></Othr></Id><Nm>ООО РОМАШКА</Nm><PstlAdr><StrtNm></StrtNm><BldgNb></BldgNb><PstCd></PstCd><TwnNm></TwnNm><Ctry></Ctry></PstlAdr></Dbtr><DbtrAcct><Id><IBAN></IBAN><Othr><Id></Id><SchmeNm><Cd></Cd></SchmeNm></Othr></Id><Other><Id>40702810440000030888</Id></Other></DbtrAcct><Cdtr><Id><Othr><Id>7735602068</Id></Othr></Id><Nm>ООО РОМАШКА</Nm><PstlAdr><StrtNm></StrtNm><BldgNb></BldgNb><PstCd></PstCd><TwnNm></TwnNm><Ctry></Ctry></PstlAdr></Cdtr><CdtrAcct><Id><IBAN></IBAN><Othr><Id></Id><SchmeNm><Cd></Cd></SchmeNm></Othr></Id><Other><Id>40702810440000030888</Id></Other></CdtrAcct></RltdPties><RltdAgts><CdtrAgt><FinInstnId><BIC></BIC><Nm></Nm><PstlAdr><StrtNm></StrtNm><BldgNb></BldgNb><PstCd></PstCd><TwnNm></TwnNm><Ctry></Ctry></PstlAdr></FinInstnId></CdtrAgt><DbtrAgt><FinInstnId><BIC></BIC><Nm></Nm><PstlAdr><StrtNm></StrtNm><BldgNb></BldgNb><PstCd></PstCd><TwnNm></TwnNm><Ctry></Ctry></PstlAdr></FinInstnId></DbtrAgt></RltdAgts><RmtInf><Ustrd>Доплата пр Счёту на оплату No8279964 от 16 марта 2024 г.  (Отрисовка логотипа компании ) НДС не облагается.</Ustrd><Strd><CdtrRefInf><Tp><CdOrPrtry><Cd></Cd></CdOrPrtry></Tp><Ref></Ref></CdtrRefInf></Strd></RmtInf><RltdDts><AccptncDtTm></AccptncDtTm></RltdDts><AddtlTxInf></AddtlTxInf></TxDtls></NtryDtls></Ntry><Ntry><NtryRef>0</NtryRef><Amt Ccy="RUB">17500.00</Amt><CdtDbtInd>DBIT</CdtDbtInd><Sts></Sts><BookgDt><Dt>2024-04-09</Dt></BookgDt><ValDt><Dt>2024-04-09</Dt></ValDt><AcctSvcrRef>6</AcctSvcrRef><BkTxCd><Domn><Cd></Cd><Fmly><Cd></Cd><SubFmlyCd></SubFmlyCd></Fmly></Domn><Prtry><Cd>01</Cd><Issr>ПАО СБЕРБАНК
</Issr></Prtry></BkTxCd><AddtlInfInd><MsgNmId></MsgNmId></AddtlInfInd><NtryDtls><Btch><NbOfTxs>0</NbOfTxs></Btch><TxDtls><Refs><PmtInfId></PmtInfId><InstrId></InstrId><EndToEndId>1</EndToEndId><TxId></TxId><Prtry><Tp></Tp><Ref></Ref></Prtry></Refs><AmtDtls><EndToEndId></EndToEndId><InstdAmt><Tp></Tp><Amt Ccy=""></Amt><CcyXchg><SrcCcy></SrcCcy><TrgtCcy></TrgtCcy><UnitCcy></UnitCcy><XchgRate></XchgRate></CcyXchg></InstdAmt><TxAmt><Tp></Tp><Amt Ccy=""></Amt><CcyXchg><SrcCcy></SrcCcy><TrgtCcy></TrgtCcy><UnitCcy></UnitCcy><XchgRate></XchgRate></CcyXchg></TxAmt><PrtryAmt><Tp></Tp><Amt Ccy=""></Amt><CcyXchg><SrcCcy></SrcCcy><TrgtCcy></TrgtCcy><UnitCcy></UnitCcy><XchgRate></XchgRate></CcyXchg></PrtryAmt><Amt></Amt></AmtDtls><BkTxCd><Domn><Cd></Cd><Fmly><Cd></Cd><SubFmlyCd></SubFmlyCd></Fmly></Domn><Prtry><Cd></Cd><Issr></Issr></Prtry></BkTxCd><RltdPties><Dbtr><Id><Othr><Id>7735602068</Id></Othr></Id><Nm>ООО РОМАШКА</Nm><PstlAdr><StrtNm></StrtNm><BldgNb></BldgNb><PstCd></PstCd><TwnNm></TwnNm><Ctry></Ctry></PstlAdr></Dbtr><DbtrAcct><Id><IBAN></IBAN><Othr><Id></Id><SchmeNm><Cd></Cd></SchmeNm></Othr></Id><Other><Id>40702810440000030888</Id></Other></DbtrAcct><Cdtr><Id><Othr><Id>7735602068</Id></Othr></Id><Nm>ООО РОМАШКА</Nm><PstlAdr><StrtNm></StrtNm><BldgNb></BldgNb><PstCd></PstCd><TwnNm></TwnNm><Ctry></Ctry></PstlAdr></Cdtr><CdtrAcct><Id><IBAN></IBAN><Othr><Id></Id><SchmeNm><Cd></Cd></SchmeNm></Othr></Id><Other><Id>40702810440000030888</Id></Other></CdtrAcct></RltdPties><RltdAgts><CdtrAgt><FinInstnId><BIC></BIC><Nm></Nm><PstlAdr><StrtNm></StrtNm><BldgNb></BldgNb><PstCd></PstCd><TwnNm></TwnNm><Ctry></Ctry></PstlAdr></FinInstnId></CdtrAgt><DbtrAgt><FinInstnId><BIC></BIC><Nm></Nm><PstlAdr><StrtNm></StrtNm><BldgNb></BldgNb><PstCd></PstCd><TwnNm></TwnNm><Ctry></Ctry></PstlAdr></FinInstnId></DbtrAgt></RltdAgts><RmtInf><Ustrd>Оплата по счету 607 от 08 апреля 2024 г. (Пошлина за регистрацию заявки на регистрацию в качестве товарного знака комбинированного обозначения РОМАШКА) НДС не облагается.</Ustrd><Strd><CdtrRefInf><Tp><CdOrPrtry><Cd></Cd></CdOrPrtry></Tp><Ref></Ref></CdtrRefInf></Strd></RmtInf><RltdDts><AccptncDtTm></AccptncDtTm></RltdDts><AddtlTxInf></AddtlTxInf></TxDtls></NtryDtls></Ntry><Ntry><NtryRef>0</NtryRef><Amt Ccy="RUB">25920.00</Amt><CdtDbtInd>DBIT</CdtDbtInd><Sts></Sts><BookgDt><Dt>2024-04-09</Dt></BookgDt><ValDt><Dt>2024-04-09</Dt></ValDt><AcctSvcrRef>5</AcctSvcrRef><BkTxCd><Domn><Cd></Cd><Fmly><Cd></Cd><SubFmlyCd></SubFmlyCd></Fmly></Domn><Prtry><Cd>01</Cd><Issr>ПАО СБЕРБАНК
</Issr></Prtry></BkTxCd><AddtlInfInd><MsgNmId></MsgNmId></AddtlInfInd><NtryDtls><Btch><NbOfTxs>0</NbOfTxs></Btch><TxDtls><Refs><PmtInfId></PmtInfId><InstrId></InstrId><EndToEndId>1</EndToEndId><TxId></TxId><Prtry><Tp></Tp><Ref></Ref></Prtry></Refs><AmtDtls><EndToEndId></EndToEndId><InstdAmt><Tp></Tp><Amt Ccy=""></Amt><CcyXchg><SrcCcy></SrcCcy><TrgtCcy></TrgtCcy><UnitCcy></UnitCcy><XchgRate></XchgRate></CcyXchg></InstdAmt><TxAmt><Tp></Tp><Amt Ccy=""></Amt><CcyXchg><SrcCcy></SrcCcy><TrgtCcy></TrgtCcy><UnitCcy></UnitCcy><XchgRate></XchgRate></CcyXchg></TxAmt><PrtryAmt><Tp></Tp><Amt Ccy=""></Amt><CcyXchg><SrcCcy></SrcCcy><TrgtCcy></TrgtCcy><UnitCcy></UnitCcy><XchgRate></XchgRate></CcyXchg></PrtryAmt><Amt></Amt></AmtDtls><BkTxCd><Domn><Cd></Cd><Fmly><Cd></Cd><SubFmlyCd></SubFmlyCd></Fmly></Domn><Prtry><Cd></Cd><Issr></Issr></Prtry></BkTxCd><RltdPties><Dbtr><Id><Othr><Id>7735602068</Id></Othr></Id><Nm>ООО РОМАШКА</Nm><PstlAdr><StrtNm></StrtNm><BldgNb></BldgNb><PstCd></PstCd><TwnNm></TwnNm><Ctry></Ctry></PstlAdr></Dbtr><DbtrAcct><Id><IBAN></IBAN><Othr><Id></Id><SchmeNm><Cd></Cd></SchmeNm></Othr></Id><Other><Id>40702810440000030888</Id></Other></DbtrAcct><Cdtr><Id><Othr><Id>7735602068</Id></Othr></Id><Nm>ООО РОМАШКА</Nm><PstlAdr><StrtNm></StrtNm><BldgNb></BldgNb><PstCd></PstCd><TwnNm></TwnNm><Ctry></Ctry></PstlAdr></Cdtr><CdtrAcct><Id><IBAN></IBAN><Othr><Id></Id><SchmeNm><Cd></Cd></SchmeNm></Othr></Id><Other><Id>40702810440000030888</Id></Other></CdtrAcct></RltdPties><RltdAgts><CdtrAgt><FinInstnId><BIC></BIC><Nm></Nm><PstlAdr><StrtNm></StrtNm><BldgNb></BldgNb><PstCd></PstCd><TwnNm></TwnNm><Ctry></Ctry></PstlAdr></FinInstnId></CdtrAgt><DbtrAgt><FinInstnId><BIC></BIC><Nm></Nm><PstlAdr><StrtNm></StrtNm><BldgNb></BldgNb><PstCd></PstCd><TwnNm></TwnNm><Ctry></Ctry></PstlAdr></FinInstnId></DbtrAgt></RltdAgts><RmtInf><Ustrd>Оплата по счету  608 от 08 апреля 2024 г. (услуги по регистрации товарного знака РОМАШКА) В том числе НДС 20 % - 4320.00 рублей.</Ustrd><Strd><CdtrRefInf><Tp><CdOrPrtry><Cd></Cd></CdOrPrtry></Tp><Ref></Ref></CdtrRefInf></Strd></RmtInf><RltdDts><AccptncDtTm></AccptncDtTm></RltdDts><AddtlTxInf></AddtlTxInf></TxDtls></NtryDtls></Ntry><Ntry><NtryRef>0</NtryRef><Amt Ccy="RUB">50000.00</Amt><CdtDbtInd>CDIT</CdtDbtInd><Sts></Sts><BookgDt><Dt>2024-04-09</Dt></BookgDt><ValDt><Dt>2024-04-09</Dt></ValDt><AcctSvcrRef>196711</AcctSvcrRef><BkTxCd><Domn><Cd></Cd><Fmly><Cd></Cd><SubFmlyCd></SubFmlyCd></Fmly></Domn><Prtry><Cd>01</Cd><Issr>ПАО СБЕРБАНК
</Issr></Prtry></BkTxCd><AddtlInfInd><MsgNmId></MsgNmId></AddtlInfInd><NtryDtls><Btch><NbOfTxs>0</NbOfTxs></Btch><TxDtls><Refs><PmtInfId></PmtInfId><InstrId></InstrId><EndToEndId>1</EndToEndId><TxId></TxId><Prtry><Tp></Tp><Ref></Ref></Prtry></Refs><AmtDtls><EndToEndId></EndToEndId><InstdAmt><Tp></Tp><Amt Ccy=""></Amt><CcyXchg><SrcCcy></SrcCcy><TrgtCcy></TrgtCcy><UnitCcy></UnitCcy><XchgRate></XchgRate></CcyXchg></InstdAmt><TxAmt><Tp></Tp><Amt Ccy=""></Amt><CcyXchg><SrcCcy></SrcCcy><TrgtCcy></TrgtCcy><UnitCcy></UnitCcy><XchgRate></XchgRate></CcyXchg></TxAmt><PrtryAmt><Tp></Tp><Amt Ccy=""></Amt><CcyXchg><SrcCcy></SrcCcy><TrgtCcy></TrgtCcy><UnitCcy></UnitCcy><XchgRate></XchgRate></CcyXchg></PrtryAmt><Amt></Amt></AmtDtls><BkTxCd><Domn><Cd></Cd><Fmly><Cd></Cd><SubFmlyCd></SubFmlyCd></Fmly></Domn><Prtry><Cd></Cd><Issr></Issr></Prtry></BkTxCd><RltdPties><Dbtr><Id><Othr><Id>7707083893</Id></Othr></Id><Nm>ПАО СБЕРБАНК//ИВАНОВА ЕВГЕНИЯ ИВАНОВНА//1833275630989//125466,РОССИЯ,МОСКВА Г,Г МОСКВА,УЛ.ЛЕНИНСКИЙ ПРОСПЕКТ Д.1 КВ.17</Nm><PstlAdr><StrtNm></StrtNm><BldgNb></BldgNb><PstCd></PstCd><TwnNm></TwnNm><Ctry></Ctry></PstlAdr></Dbtr><DbtrAcct><Id><IBAN></IBAN><Othr><Id></Id><SchmeNm><Cd></Cd></SchmeNm></Othr></Id><Other><Id>30233810642000600001</Id></Other></DbtrAcct><Cdtr><Id><Othr><Id>7707083893</Id></Othr></Id><Nm>ПАО СБЕРБАНК//ИВАНОВА ЕВГЕНИЯ ИВАНОВНА//1833275630989//125466,РОССИЯ,МОСКВА Г,Г МОСКВА,УЛ.ЛЕНИНСКИЙ ПРОСПЕКТ Д.1 КВ.17</Nm><PstlAdr><StrtNm></StrtNm><BldgNb></BldgNb><PstCd></PstCd><TwnNm></TwnNm><Ctry></Ctry></PstlAdr></Cdtr><CdtrAcct><Id><IBAN></IBAN><Othr><Id></Id><SchmeNm><Cd></Cd></SchmeNm></Othr></Id><Other><Id>30233810642000600001</Id></Other></CdtrAcct></RltdPties><RltdAgts><CdtrAgt><FinInstnId><BIC></BIC><Nm></Nm><PstlAdr><StrtNm></StrtNm><BldgNb></BldgNb><PstCd></PstCd><TwnNm></TwnNm><Ctry></Ctry></PstlAdr></FinInstnId></CdtrAgt><DbtrAgt><FinInstnId><BIC></BIC><Nm></Nm><PstlAdr><StrtNm></StrtNm><BldgNb></BldgNb><PstCd></PstCd><TwnNm></TwnNm><Ctry></Ctry></PstlAdr></FinInstnId></DbtrAgt></RltdAgts><RmtInf><Ustrd>Предоставление займа по договору 01/з от 24/01/2023.НДС не облагается;09/04/2024</Ustrd><Strd><CdtrRefInf><Tp><CdOrPrtry><Cd></Cd></CdOrPrtry></Tp><Ref></Ref></CdtrRefInf></Strd></RmtInf><RltdDts><AccptncDtTm></AccptncDtTm></RltdDts><AddtlTxInf></AddtlTxInf></TxDtls></NtryDtls></Ntry><Ntry><NtryRef>0</NtryRef><Amt Ccy="RUB">100.00</Amt><CdtDbtInd>DBIT</CdtDbtInd><Sts></Sts><BookgDt><Dt>2024-04-15</Dt></BookgDt><ValDt><Dt>2024-04-15</Dt></ValDt><AcctSvcrRef>786799</AcctSvcrRef><BkTxCd><Domn><Cd></Cd><Fmly><Cd></Cd><SubFmlyCd></SubFmlyCd></Fmly></Domn><Prtry><Cd>17</Cd><Issr>ПАО СБЕРБАНК
</Issr></Prtry></BkTxCd><AddtlInfInd><MsgNmId></MsgNmId></AddtlInfInd><NtryDtls><Btch><NbOfTxs>0</NbOfTxs></Btch><TxDtls><Refs><PmtInfId></PmtInfId><InstrId></InstrId><EndToEndId>1</EndToEndId><TxId></TxId><Prtry><Tp></Tp><Ref></Ref></Prtry></Refs><AmtDtls><EndToEndId></EndToEndId><InstdAmt><Tp></Tp><Amt Ccy=""></Amt><CcyXchg><SrcCcy></SrcCcy><TrgtCcy></TrgtCcy><UnitCcy></UnitCcy><XchgRate></XchgRate></CcyXchg></InstdAmt><TxAmt><Tp></Tp><Amt Ccy=""></Amt><CcyXchg><SrcCcy></SrcCcy><TrgtCcy></TrgtCcy><UnitCcy></UnitCcy><XchgRate></XchgRate></CcyXchg></TxAmt><PrtryAmt><Tp></Tp><Amt Ccy=""></Amt><CcyXchg><SrcCcy></SrcCcy><TrgtCcy></TrgtCcy><UnitCcy></UnitCcy><XchgRate></XchgRate></CcyXchg></PrtryAmt><Amt></Amt></AmtDtls><BkTxCd><Domn><Cd></Cd><Fmly><Cd></Cd><SubFmlyCd></SubFmlyCd></Fmly></Domn><Prtry><Cd></Cd><Issr></Issr></Prtry></BkTxCd><RltdPties><Dbtr><Id><Othr><Id>7735602068</Id></Othr></Id><Nm>ООО РОМАШКА</Nm><PstlAdr><StrtNm></StrtNm><BldgNb></BldgNb><PstCd></PstCd><TwnNm></TwnNm><Ctry></Ctry></PstlAdr></Dbtr><DbtrAcct><Id><IBAN></IBAN><Othr><Id></Id><SchmeNm><Cd></Cd></SchmeNm></Othr></Id><Other><Id>40702810440000030888</Id></Other></DbtrAcct><Cdtr><Id><Othr><Id>7735602068</Id></Othr></Id><Nm>ООО РОМАШКА</Nm><PstlAdr><StrtNm></StrtNm><BldgNb></BldgNb><PstCd></PstCd><TwnNm></TwnNm><Ctry></Ctry></PstlAdr></Cdtr><CdtrAcct><Id><IBAN></IBAN><Othr><Id></Id><SchmeNm><Cd></Cd></SchmeNm></Othr></Id><Other><Id>40702810440000030888</Id></Other></CdtrAcct></RltdPties><RltdAgts><CdtrAgt><FinInstnId><BIC></BIC><Nm></Nm><PstlAdr><StrtNm></StrtNm><BldgNb></BldgNb><PstCd></PstCd><TwnNm></TwnNm><Ctry></Ctry></PstlAdr></FinInstnId></CdtrAgt><DbtrAgt><FinInstnId><BIC>044525225</BIC><Nm>ПАО Сбербанк</Nm><PstlAdr><StrtNm></StrtNm><BldgNb></BldgNb><PstCd></PstCd><TwnNm></TwnNm><Ctry></Ctry></PstlAdr></FinInstnId></DbtrAgt></RltdAgts><RmtInf><Ustrd>Комиссия за перечисление средств со сч. ЮЛ на сч.ФЛ (в т.ч. при закрытии счета),  (оборот до 150 тыс. руб) по дог. РКО №40702810440000030888 от '11/01/2018'. За документы:№7 (20000 RUR  ) от 15/04/24. Без НДС</Ustrd><Strd><CdtrRefInf><Tp><CdOrPrtry><Cd></Cd></CdOrPrtry></Tp><Ref></Ref></CdtrRefInf></Strd></RmtInf><RltdDts><AccptncDtTm></AccptncDtTm></RltdDts><AddtlTxInf></AddtlTxInf></TxDtls></NtryDtls></Ntry><Ntry><NtryRef>0</NtryRef><Amt Ccy="RUB">20000.00</Amt><CdtDbtInd>DBIT</CdtDbtInd><Sts></Sts><BookgDt><Dt>2024-04-15</Dt></BookgDt><ValDt><Dt>2024-04-15</Dt></ValDt><AcctSvcrRef>7</AcctSvcrRef><BkTxCd><Domn><Cd></Cd><Fmly><Cd></Cd><SubFmlyCd></SubFmlyCd></Fmly></Domn><Prtry><Cd>01</Cd><Issr>ПАО СБЕРБАНК
</Issr></Prtry></BkTxCd><AddtlInfInd><MsgNmId></MsgNmId></AddtlInfInd><NtryDtls><Btch><NbOfTxs>0</NbOfTxs></Btch><TxDtls><Refs><PmtInfId></PmtInfId><InstrId></InstrId><EndToEndId>1</EndToEndId><TxId></TxId><Prtry><Tp></Tp><Ref></Ref></Prtry></Refs><AmtDtls><EndToEndId></EndToEndId><InstdAmt><Tp></Tp><Amt Ccy=""></Amt><CcyXchg><SrcCcy></SrcCcy><TrgtCcy></TrgtCcy><UnitCcy></UnitCcy><XchgRate></XchgRate></CcyXchg></InstdAmt><TxAmt><Tp></Tp><Amt Ccy=""></Amt><CcyXchg><SrcCcy></SrcCcy><TrgtCcy></TrgtCcy><UnitCcy></UnitCcy><XchgRate></XchgRate></CcyXchg></TxAmt><PrtryAmt><Tp></Tp><Amt Ccy=""></Amt><CcyXchg><SrcCcy></SrcCcy><TrgtCcy></TrgtCcy><UnitCcy></UnitCcy><XchgRate></XchgRate></CcyXchg></PrtryAmt><Amt></Amt></AmtDtls><BkTxCd><Domn><Cd></Cd><Fmly><Cd></Cd><SubFmlyCd></SubFmlyCd></Fmly></Domn><Prtry><Cd></Cd><Issr></Issr></Prtry></BkTxCd><RltdPties><Dbtr><Id><Othr><Id>7735602068</Id></Othr></Id><Nm>ООО РОМАШКА</Nm><PstlAdr><StrtNm></StrtNm><BldgNb></BldgNb><PstCd></PstCd><TwnNm></TwnNm><Ctry></Ctry></PstlAdr></Dbtr><DbtrAcct><Id><IBAN></IBAN><Othr><Id></Id><SchmeNm><Cd></Cd></SchmeNm></Othr></Id><Other><Id>40702810440000030888</Id></Other></DbtrAcct><Cdtr><Id><Othr><Id></Id></Othr></Id><Nm></Nm><PstlAdr><StrtNm></StrtNm><BldgNb></BldgNb><PstCd></PstCd><TwnNm></TwnNm><Ctry></Ctry></PstlAdr></Cdtr><CdtrAcct><Id><IBAN></IBAN><Othr><Id></Id><SchmeNm><Cd></Cd></SchmeNm></Othr></Id><Other><Id></Id></Other></CdtrAcct></RltdPties><RltdAgts><CdtrAgt><FinInstnId><BIC></BIC><Nm></Nm><PstlAdr><StrtNm></StrtNm><BldgNb></BldgNb><PstCd></PstCd><TwnNm></TwnNm><Ctry></Ctry></PstlAdr></FinInstnId></CdtrAgt><DbtrAgt><FinInstnId><BIC>044525225</BIC><Nm>ПАО Сбербанк</Nm><PstlAdr><StrtNm></StrtNm><BldgNb></BldgNb><PstCd></PstCd><TwnNm></TwnNm><Ctry></Ctry></PstlAdr></FinInstnId></DbtrAgt></RltdAgts><RmtInf><Ustrd>Оплата 50% за создание сайта НДС не облагается.</Ustrd><Strd><CdtrRefInf><Tp><CdOrPrtry><Cd></Cd></CdOrPrtry></Tp><Ref></Ref></CdtrRefInf></Strd></RmtInf><RltdDts><AccptncDtTm></AccptncDtTm></RltdDts><AddtlTxInf></AddtlTxInf></TxDtls></NtryDtls></Ntry><Ntry><NtryRef>0</NtryRef><Amt Ccy="RUB">4100.00</Amt><CdtDbtInd>DBIT</CdtDbtInd><Sts></Sts><BookgDt><Dt>2024-04-30</Dt></BookgDt><ValDt><Dt>2024-04-30</Dt></ValDt><AcctSvcrRef>8</AcctSvcrRef><BkTxCd><Domn><Cd></Cd><Fmly><Cd></Cd><SubFmlyCd></SubFmlyCd></Fmly></Domn><Prtry><Cd>01</Cd><Issr>ПАО СБЕРБАНК
</Issr></Prtry></BkTxCd><AddtlInfInd><MsgNmId></MsgNmId></AddtlInfInd><NtryDtls><Btch><NbOfTxs>0</NbOfTxs></Btch><TxDtls><Refs><PmtInfId></PmtInfId><InstrId></InstrId><EndToEndId>1</EndToEndId><TxId></TxId><Prtry><Tp></Tp><Ref></Ref></Prtry></Refs><AmtDtls><EndToEndId></EndToEndId><InstdAmt><Tp></Tp><Amt Ccy=""></Amt><CcyXchg><SrcCcy></SrcCcy><TrgtCcy></TrgtCcy><UnitCcy></UnitCcy><XchgRate></XchgRate></CcyXchg></InstdAmt><TxAmt><Tp></Tp><Amt Ccy=""></Amt><CcyXchg><SrcCcy></SrcCcy><TrgtCcy></TrgtCcy><UnitCcy></UnitCcy><XchgRate></XchgRate></CcyXchg></TxAmt><PrtryAmt><Tp></Tp><Amt Ccy=""></Amt><CcyXchg><SrcCcy></SrcCcy><TrgtCcy></TrgtCcy><UnitCcy></UnitCcy><XchgRate></XchgRate></CcyXchg></PrtryAmt><Amt></Amt></AmtDtls><BkTxCd><Domn><Cd></Cd><Fmly><Cd></Cd><SubFmlyCd></SubFmlyCd></Fmly></Domn><Prtry><Cd></Cd><Issr></Issr></Prtry></BkTxCd><RltdPties><Dbtr><Id><Othr><Id>7735602068</Id></Othr></Id><Nm>ООО РОМАШКА</Nm><PstlAdr><StrtNm></StrtNm><BldgNb></BldgNb><PstCd></PstCd><TwnNm></TwnNm><Ctry></Ctry></PstlAdr></Dbtr><DbtrAcct><Id><IBAN></IBAN><Othr><Id></Id><SchmeNm><Cd></Cd></SchmeNm></Othr></Id><Other><Id>40702810440000030888</Id></Other></DbtrAcct><Cdtr><Id><Othr><Id>7735602068</Id></Othr></Id><Nm>ООО РОМАШКА</Nm><PstlAdr><StrtNm></StrtNm><BldgNb></BldgNb><PstCd></PstCd><TwnNm></TwnNm><Ctry></Ctry></PstlAdr></Cdtr><CdtrAcct><Id><IBAN></IBAN><Othr><Id></Id><SchmeNm><Cd></Cd></SchmeNm></Othr></Id><Other><Id>40702810440000030888</Id></Other></CdtrAcct></RltdPties><RltdAgts><CdtrAgt><FinInstnId><BIC></BIC><Nm></Nm><PstlAdr><StrtNm></StrtNm><BldgNb></BldgNb><PstCd></PstCd><TwnNm></TwnNm><Ctry></Ctry></PstlAdr></FinInstnId></CdtrAgt><DbtrAgt><FinInstnId><BIC></BIC><Nm></Nm><PstlAdr><StrtNm></StrtNm><BldgNb></BldgNb><PstCd></PstCd><TwnNm></TwnNm><Ctry></Ctry></PstlAdr></FinInstnId></DbtrAgt></RltdAgts><RmtInf><Ustrd>Оплата телекоммуникационных услуг связи по Счету МС#404004061 от 23.04.2024г. Номер лицевого счета 16762926 Сумма 4100.00В том числе НДС - 516.67 рублей.</Ustrd><Strd><CdtrRefInf><Tp><CdOrPrtry><Cd></Cd></CdOrPrtry></Tp><Ref></Ref></CdtrRefInf></Strd></RmtInf><RltdDts><AccptncDtTm></AccptncDtTm></RltdDts><AddtlTxInf></AddtlTxInf></TxDtls></NtryDtls></Ntry><Ntry><NtryRef>0</NtryRef><Amt Ccy="RUB">17.50</Amt><CdtDbtInd>DBIT</CdtDbtInd><Sts></Sts><BookgDt><Dt>2024-05-08</Dt></BookgDt><ValDt><Dt>2024-05-08</Dt></ValDt><AcctSvcrRef>849269</AcctSvcrRef><BkTxCd><Domn><Cd></Cd><Fmly><Cd></Cd><SubFmlyCd></SubFmlyCd></Fmly></Domn><Prtry><Cd>17</Cd><Issr>ПАО СБЕРБАНК
</Issr></Prtry></BkTxCd><AddtlInfInd><MsgNmId></MsgNmId></AddtlInfInd><NtryDtls><Btch><NbOfTxs>0</NbOfTxs></Btch><TxDtls><Refs><PmtInfId></PmtInfId><InstrId></InstrId><EndToEndId>1</EndToEndId><TxId></TxId><Prtry><Tp></Tp><Ref></Ref></Prtry></Refs><AmtDtls><EndToEndId></EndToEndId><InstdAmt><Tp></Tp><Amt Ccy=""></Amt><CcyXchg><SrcCcy></SrcCcy><TrgtCcy></TrgtCcy><UnitCcy></UnitCcy><XchgRate></XchgRate></CcyXchg></InstdAmt><TxAmt><Tp></Tp><Amt Ccy=""></Amt><CcyXchg><SrcCcy></SrcCcy><TrgtCcy></TrgtCcy><UnitCcy></UnitCcy><XchgRate></XchgRate></CcyXchg></TxAmt><PrtryAmt><Tp></Tp><Amt Ccy=""></Amt><CcyXchg><SrcCcy></SrcCcy><TrgtCcy></TrgtCcy><UnitCcy></UnitCcy><XchgRate></XchgRate></CcyXchg></PrtryAmt><Amt></Amt></AmtDtls><BkTxCd><Domn><Cd></Cd><Fmly><Cd></Cd><SubFmlyCd></SubFmlyCd></Fmly></Domn><Prtry><Cd></Cd><Issr></Issr></Prtry></BkTxCd><RltdPties><Dbtr><Id><Othr><Id>7735602068</Id></Othr></Id><Nm>ООО РОМАШКА</Nm><PstlAdr><StrtNm></StrtNm><BldgNb></BldgNb><PstCd></PstCd><TwnNm></TwnNm><Ctry></Ctry></PstlAdr></Dbtr><DbtrAcct><Id><IBAN></IBAN><Othr><Id></Id><SchmeNm><Cd></Cd></SchmeNm></Othr></Id><Other><Id>40702810440000030888</Id></Other></DbtrAcct><Cdtr><Id><Othr><Id>7735602068</Id></Othr></Id><Nm>ООО РОМАШКА</Nm><PstlAdr><StrtNm></StrtNm><BldgNb></BldgNb><PstCd></PstCd><TwnNm></TwnNm><Ctry></Ctry></PstlAdr></Cdtr><CdtrAcct><Id><IBAN></IBAN><Othr><Id></Id><SchmeNm><Cd></Cd></SchmeNm></Othr></Id><Other><Id>40702810440000030888</Id></Other></CdtrAcct></RltdPties><RltdAgts><CdtrAgt><FinInstnId><BIC></BIC><Nm></Nm><PstlAdr><StrtNm></StrtNm><BldgNb></BldgNb><PstCd></PstCd><TwnNm></TwnNm><Ctry></Ctry></PstlAdr></FinInstnId></CdtrAgt><DbtrAgt><FinInstnId><BIC>044525225</BIC><Nm>ПАО Сбербанк</Nm><PstlAdr><StrtNm></StrtNm><BldgNb></BldgNb><PstCd></PstCd><TwnNm></TwnNm><Ctry></Ctry></PstlAdr></FinInstnId></DbtrAgt></RltdAgts><RmtInf><Ustrd>Комиссия за перечисление средств со сч. ЮЛ на сч.ФЛ (в т.ч. при закрытии счета),  (оборот до 150 тыс. руб) по дог. РКО №40702810440000030888 от '11/01/2018'. За документы:№11 (3500 RUR  ) от 08/05/24. Без НДС</Ustrd><Strd><CdtrRefInf><Tp><CdOrPrtry><Cd></Cd></CdOrPrtry></Tp><Ref></Ref></CdtrRefInf></Strd></RmtInf><RltdDts><AccptncDtTm></AccptncDtTm></RltdDts><AddtlTxInf></AddtlTxInf></TxDtls></NtryDtls></Ntry><Ntry><NtryRef>0</NtryRef><Amt Ccy="RUB">720.00</Amt><CdtDbtInd>DBIT</CdtDbtInd><Sts></Sts><BookgDt><Dt>2024-05-08</Dt></BookgDt><ValDt><Dt>2024-05-08</Dt></ValDt><AcctSvcrRef>9</AcctSvcrRef><BkTxCd><Domn><Cd></Cd><Fmly><Cd></Cd><SubFmlyCd></SubFmlyCd></Fmly></Domn><Prtry><Cd>01</Cd><Issr>ПАО СБЕРБАНК
</Issr></Prtry></BkTxCd><AddtlInfInd><MsgNmId></MsgNmId></AddtlInfInd><NtryDtls><Btch><NbOfTxs>0</NbOfTxs></Btch><TxDtls><Refs><PmtInfId></PmtInfId><InstrId></InstrId><EndToEndId>1</EndToEndId><TxId></TxId><Prtry><Tp></Tp><Ref></Ref></Prtry></Refs><AmtDtls><EndToEndId></EndToEndId><InstdAmt><Tp></Tp><Amt Ccy=""></Amt><CcyXchg><SrcCcy></SrcCcy><TrgtCcy></TrgtCcy><UnitCcy></UnitCcy><XchgRate></XchgRate></CcyXchg></InstdAmt><TxAmt><Tp></Tp><Amt Ccy=""></Amt><CcyXchg><SrcCcy></SrcCcy><TrgtCcy></TrgtCcy><UnitCcy></UnitCcy><XchgRate></XchgRate></CcyXchg></TxAmt><PrtryAmt><Tp></Tp><Amt Ccy=""></Amt><CcyXchg><SrcCcy></SrcCcy><TrgtCcy></TrgtCcy><UnitCcy></UnitCcy><XchgRate></XchgRate></CcyXchg></PrtryAmt><Amt></Amt></AmtDtls><BkTxCd><Domn><Cd></Cd><Fmly><Cd></Cd><SubFmlyCd></SubFmlyCd></Fmly></Domn><Prtry><Cd></Cd><Issr></Issr></Prtry></BkTxCd><RltdPties><Dbtr><Id><Othr><Id>7735602068</Id></Othr></Id><Nm>ООО РОМАШКА</Nm><PstlAdr><StrtNm></StrtNm><BldgNb></BldgNb><PstCd></PstCd><TwnNm></TwnNm><Ctry></Ctry></PstlAdr></Dbtr><DbtrAcct><Id><IBAN></IBAN><Othr><Id></Id><SchmeNm><Cd></Cd></SchmeNm></Othr></Id><Other><Id>40702810440000030888</Id></Other></DbtrAcct><Cdtr><Id><Othr><Id>7735602068</Id></Othr></Id><Nm>ООО РОМАШКА</Nm><PstlAdr><StrtNm></StrtNm><BldgNb></BldgNb><PstCd></PstCd><TwnNm></TwnNm><Ctry></Ctry></PstlAdr></Cdtr><CdtrAcct><Id><IBAN></IBAN><Othr><Id></Id><SchmeNm><Cd></Cd></SchmeNm></Othr></Id><Other><Id>40702810440000030888</Id></Other></CdtrAcct></RltdPties><RltdAgts><CdtrAgt><FinInstnId><BIC></BIC><Nm></Nm><PstlAdr><StrtNm></StrtNm><BldgNb></BldgNb><PstCd></PstCd><TwnNm></TwnNm><Ctry></Ctry></PstlAdr></FinInstnId></CdtrAgt><DbtrAgt><FinInstnId><BIC>044525545</BIC><Nm>АО ЮниКредит Банк</Nm><PstlAdr><StrtNm></StrtNm><BldgNb></BldgNb><PstCd></PstCd><TwnNm></TwnNm><Ctry></Ctry></PstlAdr></FinInstnId></DbtrAgt></RltdAgts><RmtInf><Ustrd>Оплата по СЧЁТ № 4518217-5263495/NIC-D от 08.05.2024  по договору 5263495/NIC-DВ (DNS) В том числе НДС 20 % - 120.00 рублей.</Ustrd><Strd><CdtrRefInf><Tp><CdOrPrtry><Cd></Cd></CdOrPrtry></Tp><Ref></Ref></CdtrRefInf></Strd></RmtInf><RltdDts><AccptncDtTm></AccptncDtTm></RltdDts><AddtlTxInf></AddtlTxInf></TxDtls></NtryDtls></Ntry><Ntry><NtryRef>0</NtryRef><Amt Ccy="RUB">3500.00</Amt><CdtDbtInd>DBIT</CdtDbtInd><Sts></Sts><BookgDt><Dt>2024-05-08</Dt></BookgDt><ValDt><Dt>2024-05-08</Dt></ValDt><AcctSvcrRef>11</AcctSvcrRef><BkTxCd><Domn><Cd></Cd><Fmly><Cd></Cd><SubFmlyCd></SubFmlyCd></Fmly></Domn><Prtry><Cd>01</Cd><Issr>ПАО СБЕРБАНК
</Issr></Prtry></BkTxCd><AddtlInfInd><MsgNmId></MsgNmId></AddtlInfInd><NtryDtls><Btch><NbOfTxs>0</NbOfTxs></Btch><TxDtls><Refs><PmtInfId></PmtInfId><InstrId></InstrId><EndToEndId>1</EndToEndId><TxId></TxId><Prtry><Tp></Tp><Ref></Ref></Prtry></Refs><AmtDtls><EndToEndId></EndToEndId><InstdAmt><Tp></Tp><Amt Ccy=""></Amt><CcyXchg><SrcCcy></SrcCcy><TrgtCcy></TrgtCcy><UnitCcy></UnitCcy><XchgRate></XchgRate></CcyXchg></InstdAmt><TxAmt><Tp></Tp><Amt Ccy=""></Amt><CcyXchg><SrcCcy></SrcCcy><TrgtCcy></TrgtCcy><UnitCcy></UnitCcy><XchgRate></XchgRate></CcyXchg></TxAmt><PrtryAmt><Tp></Tp><Amt Ccy=""></Amt><CcyXchg><SrcCcy></SrcCcy><TrgtCcy></TrgtCcy><UnitCcy></UnitCcy><XchgRate></XchgRate></CcyXchg></PrtryAmt><Amt></Amt></AmtDtls><BkTxCd><Domn><Cd></Cd><Fmly><Cd></Cd><SubFmlyCd></SubFmlyCd></Fmly></Domn><Prtry><Cd></Cd><Issr></Issr></Prtry></BkTxCd><RltdPties><Dbtr><Id><Othr><Id>7735602068</Id></Othr></Id><Nm>ООО РОМАШКА</Nm><PstlAdr><StrtNm></StrtNm><BldgNb></BldgNb><PstCd></PstCd><TwnNm></TwnNm><Ctry></Ctry></PstlAdr></Dbtr><DbtrAcct><Id><IBAN></IBAN><Othr><Id></Id><SchmeNm><Cd></Cd></SchmeNm></Othr></Id><Other><Id>40702810440000030888</Id></Other></DbtrAcct><Cdtr><Id><Othr><Id>7735602068</Id></Othr></Id><Nm>ООО РОМАШКА</Nm><PstlAdr><StrtNm></StrtNm><BldgNb></BldgNb><PstCd></PstCd><TwnNm></TwnNm><Ctry></Ctry></PstlAdr></Cdtr><CdtrAcct><Id><IBAN></IBAN><Othr><Id></Id><SchmeNm><Cd></Cd></SchmeNm></Othr></Id><Other><Id>40702810440000030888</Id></Other></CdtrAcct></RltdPties><RltdAgts><CdtrAgt><FinInstnId><BIC></BIC><Nm></Nm><PstlAdr><StrtNm></StrtNm><BldgNb></BldgNb><PstCd></PstCd><TwnNm></TwnNm><Ctry></Ctry></PstlAdr></FinInstnId></CdtrAgt><DbtrAgt><FinInstnId><BIC></BIC><Nm></Nm><PstlAdr><StrtNm></StrtNm><BldgNb></BldgNb><PstCd></PstCd><TwnNm></TwnNm><Ctry></Ctry></PstlAdr></FinInstnId></DbtrAgt></RltdAgts><RmtInf><Ustrd>Услуги по созданию дизайна презентации НДС не облагается.</Ustrd><Strd><CdtrRefInf><Tp><CdOrPrtry><Cd></Cd></CdOrPrtry></Tp><Ref></Ref></CdtrRefInf></Strd></RmtInf><RltdDts><AccptncDtTm></AccptncDtTm></RltdDts><AddtlTxInf></AddtlTxInf></TxDtls></NtryDtls></Ntry><Ntry><NtryRef>0</NtryRef><Amt Ccy="RUB">4660.00</Amt><CdtDbtInd>DBIT</CdtDbtInd><Sts></Sts><BookgDt><Dt>2024-05-08</Dt></BookgDt><ValDt><Dt>2024-05-08</Dt></ValDt><AcctSvcrRef>10</AcctSvcrRef><BkTxCd><Domn><Cd></Cd><Fmly><Cd></Cd><SubFmlyCd></SubFmlyCd></Fmly></Domn><Prtry><Cd>01</Cd><Issr>ПАО СБЕРБАНК
</Issr></Prtry></BkTxCd><AddtlInfInd><MsgNmId></MsgNmId></AddtlInfInd><NtryDtls><Btch><NbOfTxs>0</NbOfTxs></Btch><TxDtls><Refs><PmtInfId></PmtInfId><InstrId></InstrId><EndToEndId>1</EndToEndId><TxId></TxId><Prtry><Tp></Tp><Ref></Ref></Prtry></Refs><AmtDtls><EndToEndId></EndToEndId><InstdAmt><Tp></Tp><Amt Ccy=""></Amt><CcyXchg><SrcCcy></SrcCcy><TrgtCcy></TrgtCcy><UnitCcy></UnitCcy><XchgRate></XchgRate></CcyXchg></InstdAmt><TxAmt><Tp></Tp><Amt Ccy=""></Amt><CcyXchg><SrcCcy></SrcCcy><TrgtCcy></TrgtCcy><UnitCcy></UnitCcy><XchgRate></XchgRate></CcyXchg></TxAmt><PrtryAmt><Tp></Tp><Amt Ccy=""></Amt><CcyXchg><SrcCcy></SrcCcy><TrgtCcy></TrgtCcy><UnitCcy></UnitCcy><XchgRate></XchgRate></CcyXchg></PrtryAmt><Amt></Amt></AmtDtls><BkTxCd><Domn><Cd></Cd><Fmly><Cd></Cd><SubFmlyCd></SubFmlyCd></Fmly></Domn><Prtry><Cd></Cd><Issr></Issr></Prtry></BkTxCd><RltdPties><Dbtr><Id><Othr><Id>7735602068</Id></Othr></Id><Nm>ООО РОМАШКА</Nm><PstlAdr><StrtNm></StrtNm><BldgNb></BldgNb><PstCd></PstCd><TwnNm></TwnNm><Ctry></Ctry></PstlAdr></Dbtr><DbtrAcct><Id><IBAN></IBAN><Othr><Id></Id><SchmeNm><Cd></Cd></SchmeNm></Othr></Id><Other><Id>40702810440000030888</Id></Other></DbtrAcct><Cdtr><Id><Othr><Id>7735602068</Id></Othr></Id><Nm>ООО РОМАШКА</Nm><PstlAdr><StrtNm></StrtNm><BldgNb></BldgNb><PstCd></PstCd><TwnNm></TwnNm><Ctry></Ctry></PstlAdr></Cdtr><CdtrAcct><Id><IBAN></IBAN><Othr><Id></Id><SchmeNm><Cd></Cd></SchmeNm></Othr></Id><Other><Id>40702810440000030888</Id></Other></CdtrAcct></RltdPties><RltdAgts><CdtrAgt><FinInstnId><BIC></BIC><Nm></Nm><PstlAdr><StrtNm></StrtNm><BldgNb></BldgNb><PstCd></PstCd><TwnNm></TwnNm><Ctry></Ctry></PstlAdr></FinInstnId></CdtrAgt><DbtrAgt><FinInstnId><BIC>044525545</BIC><Nm>АО ЮниКредит Банк</Nm><PstlAdr><StrtNm></StrtNm><BldgNb></BldgNb><PstCd></PstCd><TwnNm></TwnNm><Ctry></Ctry></PstlAdr></FinInstnId></DbtrAgt></RltdAgts><RmtInf><Ustrd>Оплата по СЧЁТ № 4518219-5263495/NIC-D от 08.05.2024  по договору 5263495/NIC-DВ (почта) В том числе НДС 20 % - 776.67 рублей.</Ustrd><Strd><CdtrRefInf><Tp><CdOrPrtry><Cd></Cd></CdOrPrtry></Tp><Ref></Ref></CdtrRefInf></Strd></RmtInf><RltdDts><AccptncDtTm></AccptncDtTm></RltdDts><AddtlTxInf></AddtlTxInf></TxDtls></NtryDtls></Ntry><Ntry><NtryRef>0</NtryRef><Amt Ccy="RUB">45000.00</Amt><CdtDbtInd>CDIT</CdtDbtInd><Sts></Sts><BookgDt><Dt>2024-05-08</Dt></BookgDt><ValDt><Dt>2024-05-08</Dt></ValDt><AcctSvcrRef>454783</AcctSvcrRef><BkTxCd><Domn><Cd></Cd><Fmly><Cd></Cd><SubFmlyCd></SubFmlyCd></Fmly></Domn><Prtry><Cd>01</Cd><Issr>ПАО СБЕРБАНК
</Issr></Prtry></BkTxCd><AddtlInfInd><MsgNmId></MsgNmId></AddtlInfInd><NtryDtls><Btch><NbOfTxs>0</NbOfTxs></Btch><TxDtls><Refs><PmtInfId></PmtInfId><InstrId></InstrId><EndToEndId>1</EndToEndId><TxId></TxId><Prtry><Tp></Tp><Ref></Ref></Prtry></Refs><AmtDtls><EndToEndId></EndToEndId><InstdAmt><Tp></Tp><Amt Ccy=""></Amt><CcyXchg><SrcCcy></SrcCcy><TrgtCcy></TrgtCcy><UnitCcy></UnitCcy><XchgRate></XchgRate></CcyXchg></InstdAmt><TxAmt><Tp></Tp><Amt Ccy=""></Amt><CcyXchg><SrcCcy></SrcCcy><TrgtCcy></TrgtCcy><UnitCcy></UnitCcy><XchgRate></XchgRate></CcyXchg></TxAmt><PrtryAmt><Tp></Tp><Amt Ccy=""></Amt><CcyXchg><SrcCcy></SrcCcy><TrgtCcy></TrgtCcy><UnitCcy></UnitCcy><XchgRate></XchgRate></CcyXchg></PrtryAmt><Amt></Amt></AmtDtls><BkTxCd><Domn><Cd></Cd><Fmly><Cd></Cd><SubFmlyCd></SubFmlyCd></Fmly></Domn><Prtry><Cd></Cd><Issr></Issr></Prtry></BkTxCd><RltdPties><Dbtr><Id><Othr><Id>7707083893</Id></Othr></Id><Nm>ПАО СБЕРБАНК//ИВАНОВА ЕВГЕНИЯ ИВАНОВНА//1850492152901//125466, РОССИЯ, МОСКВА Г, Г МОСКВА,УЛ.ЛЕНИНСКИЙ ПРОСПЕКТ Д.1 КВ.17</Nm><PstlAdr><StrtNm></StrtNm><BldgNb></BldgNb><PstCd></PstCd><TwnNm></TwnNm><Ctry></Ctry></PstlAdr></Dbtr><DbtrAcct><Id><IBAN></IBAN><Othr><Id></Id><SchmeNm><Cd></Cd></SchmeNm></Othr></Id><Other><Id>30233810642000600001</Id></Other></DbtrAcct><Cdtr><Id><Othr><Id>7707083893</Id></Othr></Id><Nm>ПАО СБЕРБАНК//ИВАНОВА ЕВГЕНИЯ ИВАНОВНА//1850492152901//125466, РОССИЯ, МОСКВА Г, Г МОСКВА,УЛ.ЛЕНИНСКИЙ ПРОСПЕКТ Д.1 КВ.17</Nm><PstlAdr><StrtNm></StrtNm><BldgNb></BldgNb><PstCd></PstCd><TwnNm></TwnNm><Ctry></Ctry></PstlAdr></Cdtr><CdtrAcct><Id><IBAN></IBAN><Othr><Id></Id><SchmeNm><Cd></Cd></SchmeNm></Othr></Id><Other><Id>30233810642000600001</Id></Other></CdtrAcct></RltdPties><RltdAgts><CdtrAgt><FinInstnId><BIC></BIC><Nm></Nm><PstlAdr><StrtNm></StrtNm><BldgNb></BldgNb><PstCd></PstCd><TwnNm></TwnNm><Ctry></Ctry></PstlAdr></FinInstnId></CdtrAgt><DbtrAgt><FinInstnId><BIC></BIC><Nm></Nm><PstlAdr><StrtNm></StrtNm><BldgNb></BldgNb><PstCd></PstCd><TwnNm></TwnNm><Ctry></Ctry></PstlAdr></FinInstnId></DbtrAgt></RltdAgts><RmtInf><Ustrd>Предоставление займа по договору 01/з от 24/01/2023.НДС не облагается;08/05/2024</Ustrd><Strd><CdtrRefInf><Tp><CdOrPrtry><Cd></Cd></CdOrPrtry></Tp><Ref></Ref></CdtrRefInf></Strd></RmtInf><RltdDts><AccptncDtTm></AccptncDtTm></RltdDts><AddtlTxInf></AddtlTxInf></TxDtls></NtryDtls></Ntry><Ntry><NtryRef>0</NtryRef><Amt Ccy="RUB">30.00</Amt><CdtDbtInd>DBIT</CdtDbtInd><Sts></Sts><BookgDt><Dt>2024-05-10</Dt></BookgDt><ValDt><Dt>2024-05-10</Dt></ValDt><AcctSvcrRef>377542</AcctSvcrRef><BkTxCd><Domn><Cd></Cd><Fmly><Cd></Cd><SubFmlyCd></SubFmlyCd></Fmly></Domn><Prtry><Cd>17</Cd><Issr>ПАО СБЕРБАНК
</Issr></Prtry></BkTxCd><AddtlInfInd><MsgNmId></MsgNmId></AddtlInfInd><NtryDtls><Btch><NbOfTxs>0</NbOfTxs></Btch><TxDtls><Refs><PmtInfId></PmtInfId><InstrId></InstrId><EndToEndId>1</EndToEndId><TxId></TxId><Prtry><Tp></Tp><Ref></Ref></Prtry></Refs><AmtDtls><EndToEndId></EndToEndId><InstdAmt><Tp></Tp><Amt Ccy=""></Amt><CcyXchg><SrcCcy></SrcCcy><TrgtCcy></TrgtCcy><UnitCcy></UnitCcy><XchgRate></XchgRate></CcyXchg></InstdAmt><TxAmt><Tp></Tp><Amt Ccy=""></Amt><CcyXchg><SrcCcy></SrcCcy><TrgtCcy></TrgtCcy><UnitCcy></UnitCcy><XchgRate></XchgRate></CcyXchg></TxAmt><PrtryAmt><Tp></Tp><Amt Ccy=""></Amt><CcyXchg><SrcCcy></SrcCcy><TrgtCcy></TrgtCcy><UnitCcy></UnitCcy><XchgRate></XchgRate></CcyXchg></PrtryAmt><Amt></Amt></AmtDtls><BkTxCd><Domn><Cd></Cd><Fmly><Cd></Cd><SubFmlyCd></SubFmlyCd></Fmly></Domn><Prtry><Cd></Cd><Issr></Issr></Prtry></BkTxCd><RltdPties><Dbtr><Id><Othr><Id>7735602068</Id></Othr></Id><Nm>ООО РОМАШКА</Nm><PstlAdr><StrtNm></StrtNm><BldgNb></BldgNb><PstCd></PstCd><TwnNm></TwnNm><Ctry></Ctry></PstlAdr></Dbtr><DbtrAcct><Id><IBAN></IBAN><Othr><Id></Id><SchmeNm><Cd></Cd></SchmeNm></Othr></Id><Other><Id>40702810440000030888</Id></Other></DbtrAcct><Cdtr><Id><Othr><Id>7735602068</Id></Othr></Id><Nm>ООО РОМАШКА</Nm><PstlAdr><StrtNm></StrtNm><BldgNb></BldgNb><PstCd></PstCd><TwnNm></TwnNm><Ctry></Ctry></PstlAdr></Cdtr><CdtrAcct><Id><IBAN></IBAN><Othr><Id></Id><SchmeNm><Cd></Cd></SchmeNm></Othr></Id><Other><Id>40702810440000030888</Id></Other></CdtrAcct></RltdPties><RltdAgts><CdtrAgt><FinInstnId><BIC></BIC><Nm></Nm><PstlAdr><StrtNm></StrtNm><BldgNb></BldgNb><PstCd></PstCd><TwnNm></TwnNm><Ctry></Ctry></PstlAdr></FinInstnId></CdtrAgt><DbtrAgt><FinInstnId><BIC>044525225</BIC><Nm>ПАО Сбербанк</Nm><PstlAdr><StrtNm></StrtNm><BldgNb></BldgNb><PstCd></PstCd><TwnNm></TwnNm><Ctry></Ctry></PstlAdr></FinInstnId></DbtrAgt></RltdAgts><RmtInf><Ustrd>Комиссия за перечисление средств со сч. ЮЛ на сч.ФЛ (в т.ч. при закрытии счета),  (оборот до 150 тыс. руб) по дог. РКО №40702810440000030888 от '11/01/2018'. За документы:№13 (6000 RUR  ) от 10/05/24. Без НДС</Ustrd><Strd><CdtrRefInf><Tp><CdOrPrtry><Cd></Cd></CdOrPrtry></Tp><Ref></Ref></CdtrRefInf></Strd></RmtInf><RltdDts><AccptncDtTm></AccptncDtTm></RltdDts><AddtlTxInf></AddtlTxInf></TxDtls></NtryDtls></Ntry><Ntry><NtryRef>0</NtryRef><Amt Ccy="RUB">2000.00</Amt><CdtDbtInd>DBIT</CdtDbtInd><Sts></Sts><BookgDt><Dt>2024-05-10</Dt></BookgDt><ValDt><Dt>2024-05-10</Dt></ValDt><AcctSvcrRef>12</AcctSvcrRef><BkTxCd><Domn><Cd></Cd><Fmly><Cd></Cd><SubFmlyCd></SubFmlyCd></Fmly></Domn><Prtry><Cd>01</Cd><Issr>ПАО СБЕРБАНК
</Issr></Prtry></BkTxCd><AddtlInfInd><MsgNmId></MsgNmId></AddtlInfInd><NtryDtls><Btch><NbOfTxs>0</NbOfTxs></Btch><TxDtls><Refs><PmtInfId></PmtInfId><InstrId></InstrId><EndToEndId>1</EndToEndId><TxId></TxId><Prtry><Tp></Tp><Ref></Ref></Prtry></Refs><AmtDtls><EndToEndId></EndToEndId><InstdAmt><Tp></Tp><Amt Ccy=""></Amt><CcyXchg><SrcCcy></SrcCcy><TrgtCcy></TrgtCcy><UnitCcy></UnitCcy><XchgRate></XchgRate></CcyXchg></InstdAmt><TxAmt><Tp></Tp><Amt Ccy=""></Amt><CcyXchg><SrcCcy></SrcCcy><TrgtCcy></TrgtCcy><UnitCcy></UnitCcy><XchgRate></XchgRate></CcyXchg></TxAmt><PrtryAmt><Tp></Tp><Amt Ccy=""></Amt><CcyXchg><SrcCcy></SrcCcy><TrgtCcy></TrgtCcy><UnitCcy></UnitCcy><XchgRate></XchgRate></CcyXchg></PrtryAmt><Amt></Amt></AmtDtls><BkTxCd><Domn><Cd></Cd><Fmly><Cd></Cd><SubFmlyCd></SubFmlyCd></Fmly></Domn><Prtry><Cd></Cd><Issr></Issr></Prtry></BkTxCd><RltdPties><Dbtr><Id><Othr><Id>7735602068</Id></Othr></Id><Nm>ООО РОМАШКА</Nm><PstlAdr><StrtNm></StrtNm><BldgNb></BldgNb><PstCd></PstCd><TwnNm></TwnNm><Ctry></Ctry></PstlAdr></Dbtr><DbtrAcct><Id><IBAN></IBAN><Othr><Id></Id><SchmeNm><Cd></Cd></SchmeNm></Othr></Id><Other><Id>40702810440000030888</Id></Other></DbtrAcct><Cdtr><Id><Othr><Id>7735602068</Id></Othr></Id><Nm>ООО РОМАШКА</Nm><PstlAdr><StrtNm></StrtNm><BldgNb></BldgNb><PstCd></PstCd><TwnNm></TwnNm><Ctry></Ctry></PstlAdr></Cdtr><CdtrAcct><Id><IBAN></IBAN><Othr><Id></Id><SchmeNm><Cd></Cd></SchmeNm></Othr></Id><Other><Id>40702810440000030888</Id></Other></CdtrAcct></RltdPties><RltdAgts><CdtrAgt><FinInstnId><BIC></BIC><Nm></Nm><PstlAdr><StrtNm></StrtNm><BldgNb></BldgNb><PstCd></PstCd><TwnNm></TwnNm><Ctry></Ctry></PstlAdr></FinInstnId></CdtrAgt><DbtrAgt><FinInstnId><BIC></BIC><Nm></Nm><PstlAdr><StrtNm></StrtNm><BldgNb></BldgNb><PstCd></PstCd><TwnNm></TwnNm><Ctry></Ctry></PstlAdr></FinInstnId></DbtrAgt></RltdAgts><RmtInf><Ustrd>Оплата по Счёт№263 от 10.05.2024 (Настройка DNS-записей на хостинге ) НДС не облагается.</Ustrd><Strd><CdtrRefInf><Tp><CdOrPrtry><Cd></Cd></CdOrPrtry></Tp><Ref></Ref></CdtrRefInf></Strd></RmtInf><RltdDts><AccptncDtTm></AccptncDtTm></RltdDts><AddtlTxInf></AddtlTxInf></TxDtls></NtryDtls></Ntry><Ntry><NtryRef>0</NtryRef><Amt Ccy="RUB">6000.00</Amt><CdtDbtInd>DBIT</CdtDbtInd><Sts></Sts><BookgDt><Dt>2024-05-10</Dt></BookgDt><ValDt><Dt>2024-05-10</Dt></ValDt><AcctSvcrRef>13</AcctSvcrRef><BkTxCd><Domn><Cd></Cd><Fmly><Cd></Cd><SubFmlyCd></SubFmlyCd></Fmly></Domn><Prtry><Cd>01</Cd><Issr>ПАО СБЕРБАНК
</Issr></Prtry></BkTxCd><AddtlInfInd><MsgNmId></MsgNmId></AddtlInfInd><NtryDtls><Btch><NbOfTxs>0</NbOfTxs></Btch><TxDtls><Refs><PmtInfId></PmtInfId><InstrId></InstrId><EndToEndId>1</EndToEndId><TxId></TxId><Prtry><Tp></Tp><Ref></Ref></Prtry></Refs><AmtDtls><EndToEndId></EndToEndId><InstdAmt><Tp></Tp><Amt Ccy=""></Amt><CcyXchg><SrcCcy></SrcCcy><TrgtCcy></TrgtCcy><UnitCcy></UnitCcy><XchgRate></XchgRate></CcyXchg></InstdAmt><TxAmt><Tp></Tp><Amt Ccy=""></Amt><CcyXchg><SrcCcy></SrcCcy><TrgtCcy></TrgtCcy><UnitCcy></UnitCcy><XchgRate></XchgRate></CcyXchg></TxAmt><PrtryAmt><Tp></Tp><Amt Ccy=""></Amt><CcyXchg><SrcCcy></SrcCcy><TrgtCcy></TrgtCcy><UnitCcy></UnitCcy><XchgRate></XchgRate></CcyXchg></PrtryAmt><Amt></Amt></AmtDtls><BkTxCd><Domn><Cd></Cd><Fmly><Cd></Cd><SubFmlyCd></SubFmlyCd></Fmly></Domn><Prtry><Cd></Cd><Issr></Issr></Prtry></BkTxCd><RltdPties><Dbtr><Id><Othr><Id>7735602068</Id></Othr></Id><Nm>ООО РОМАШКА</Nm><PstlAdr><StrtNm></StrtNm><BldgNb></BldgNb><PstCd></PstCd><TwnNm></TwnNm><Ctry></Ctry></PstlAdr></Dbtr><DbtrAcct><Id><IBAN></IBAN><Othr><Id></Id><SchmeNm><Cd></Cd></SchmeNm></Othr></Id><Other><Id>40702810440000030888</Id></Other></DbtrAcct><Cdtr><Id><Othr><Id>7735602068</Id></Othr></Id><Nm>ООО РОМАШКА</Nm><PstlAdr><StrtNm></StrtNm><BldgNb></BldgNb><PstCd></PstCd><TwnNm></TwnNm><Ctry></Ctry></PstlAdr></Cdtr><CdtrAcct><Id><IBAN></IBAN><Othr><Id></Id><SchmeNm><Cd></Cd></SchmeNm></Othr></Id><Other><Id>40702810440000030888</Id></Other></CdtrAcct></RltdPties><RltdAgts><CdtrAgt><FinInstnId><BIC></BIC><Nm></Nm><PstlAdr><StrtNm></StrtNm><BldgNb></BldgNb><PstCd></PstCd><TwnNm></TwnNm><Ctry></Ctry></PstlAdr></FinInstnId></CdtrAgt><DbtrAgt><FinInstnId><BIC>044525225</BIC><Nm>ПАО Сбербанк</Nm><PstlAdr><StrtNm></StrtNm><BldgNb></BldgNb><PstCd></PstCd><TwnNm></TwnNm><Ctry></Ctry></PstlAdr></FinInstnId></DbtrAgt></RltdAgts><RmtInf><Ustrd>Возврат подотчетных сумм (покупка тарифа для сайта Tilda) НДС не облагается.</Ustrd><Strd><CdtrRefInf><Tp><CdOrPrtry><Cd></Cd></CdOrPrtry></Tp><Ref></Ref></CdtrRefInf></Strd></RmtInf><RltdDts><AccptncDtTm></AccptncDtTm></RltdDts><AddtlTxInf></AddtlTxInf></TxDtls></NtryDtls></Ntry><Ntry><NtryRef>0</NtryRef><Amt Ccy="RUB">100.00</Amt><CdtDbtInd>DBIT</CdtDbtInd><Sts></Sts><BookgDt><Dt>2024-05-20</Dt></BookgDt><ValDt><Dt>2024-05-20</Dt></ValDt><AcctSvcrRef>214795</AcctSvcrRef><BkTxCd><Domn><Cd></Cd><Fmly><Cd></Cd><SubFmlyCd></SubFmlyCd></Fmly></Domn><Prtry><Cd>17</Cd><Issr>ПАО СБЕРБАНК
</Issr></Prtry></BkTxCd><AddtlInfInd><MsgNmId></MsgNmId></AddtlInfInd><NtryDtls><Btch><NbOfTxs>0</NbOfTxs></Btch><TxDtls><Refs><PmtInfId></PmtInfId><InstrId></InstrId><EndToEndId>1</EndToEndId><TxId></TxId><Prtry><Tp></Tp><Ref></Ref></Prtry></Refs><AmtDtls><EndToEndId></EndToEndId><InstdAmt><Tp></Tp><Amt Ccy=""></Amt><CcyXchg><SrcCcy></SrcCcy><TrgtCcy></TrgtCcy><UnitCcy></UnitCcy><XchgRate></XchgRate></CcyXchg></InstdAmt><TxAmt><Tp></Tp><Amt Ccy=""></Amt><CcyXchg><SrcCcy></SrcCcy><TrgtCcy></TrgtCcy><UnitCcy></UnitCcy><XchgRate></XchgRate></CcyXchg></TxAmt><PrtryAmt><Tp></Tp><Amt Ccy=""></Amt><CcyXchg><SrcCcy></SrcCcy><TrgtCcy></TrgtCcy><UnitCcy></UnitCcy><XchgRate></XchgRate></CcyXchg></PrtryAmt><Amt></Amt></AmtDtls><BkTxCd><Domn><Cd></Cd><Fmly><Cd></Cd><SubFmlyCd></SubFmlyCd></Fmly></Domn><Prtry><Cd></Cd><Issr></Issr></Prtry></BkTxCd><RltdPties><Dbtr><Id><Othr><Id>7735602068</Id></Othr></Id><Nm>ООО РОМАШКА</Nm><PstlAdr><StrtNm></StrtNm><BldgNb></BldgNb><PstCd></PstCd><TwnNm></TwnNm><Ctry></Ctry></PstlAdr></Dbtr><DbtrAcct><Id><IBAN></IBAN><Othr><Id></Id><SchmeNm><Cd></Cd></SchmeNm></Othr></Id><Other><Id>40702810440000030888</Id></Other></DbtrAcct><Cdtr><Id><Othr><Id>7735602068</Id></Othr></Id><Nm>ООО РОМАШКА</Nm><PstlAdr><StrtNm></StrtNm><BldgNb></BldgNb><PstCd></PstCd><TwnNm></TwnNm><Ctry></Ctry></PstlAdr></Cdtr><CdtrAcct><Id><IBAN></IBAN><Othr><Id></Id><SchmeNm><Cd></Cd></SchmeNm></Othr></Id><Other><Id>40702810440000030888</Id></Other></CdtrAcct></RltdPties><RltdAgts><CdtrAgt><FinInstnId><BIC></BIC><Nm></Nm><PstlAdr><StrtNm></StrtNm><BldgNb></BldgNb><PstCd></PstCd><TwnNm></TwnNm><Ctry></Ctry></PstlAdr></FinInstnId></CdtrAgt><DbtrAgt><FinInstnId><BIC>044525225</BIC><Nm>ПАО Сбербанк</Nm><PstlAdr><StrtNm></StrtNm><BldgNb></BldgNb><PstCd></PstCd><TwnNm></TwnNm><Ctry></Ctry></PstlAdr></FinInstnId></DbtrAgt></RltdAgts><RmtInf><Ustrd>Комиссия за перечисление средств со сч. ЮЛ на сч.ФЛ (в т.ч. при закрытии счета),  (оборот до 150 тыс. руб) по дог. РКО №40702810440000030888 от '11/01/2018'. За документы:№14 (20000 RUR  ) от 19/05/24. Без НДС</Ustrd><Strd><CdtrRefInf><Tp><CdOrPrtry><Cd></Cd></CdOrPrtry></Tp><Ref></Ref></CdtrRefInf></Strd></RmtInf><RltdDts><AccptncDtTm></AccptncDtTm></RltdDts><AddtlTxInf></AddtlTxInf></TxDtls></NtryDtls></Ntry><Ntry><NtryRef>0</NtryRef><Amt Ccy="RUB">20000.00</Amt><CdtDbtInd>DBIT</CdtDbtInd><Sts></Sts><BookgDt><Dt>2024-05-20</Dt></BookgDt><ValDt><Dt>2024-05-20</Dt></ValDt><AcctSvcrRef>14</AcctSvcrRef><BkTxCd><Domn><Cd></Cd><Fmly><Cd></Cd><SubFmlyCd></SubFmlyCd></Fmly></Domn><Prtry><Cd>01</Cd><Issr>ПАО СБЕРБАНК
</Issr></Prtry></BkTxCd><AddtlInfInd><MsgNmId></MsgNmId></AddtlInfInd><NtryDtls><Btch><NbOfTxs>0</NbOfTxs></Btch><TxDtls><Refs><PmtInfId></PmtInfId><InstrId></InstrId><EndToEndId>1</EndToEndId><TxId></TxId><Prtry><Tp></Tp><Ref></Ref></Prtry></Refs><AmtDtls><EndToEndId></EndToEndId><InstdAmt><Tp></Tp><Amt Ccy=""></Amt><CcyXchg><SrcCcy></SrcCcy><TrgtCcy></TrgtCcy><UnitCcy></UnitCcy><XchgRate></XchgRate></CcyXchg></InstdAmt><TxAmt><Tp></Tp><Amt Ccy=""></Amt><CcyXchg><SrcCcy></SrcCcy><TrgtCcy></TrgtCcy><UnitCcy></UnitCcy><XchgRate></XchgRate></CcyXchg></TxAmt><PrtryAmt><Tp></Tp><Amt Ccy=""></Amt><CcyXchg><SrcCcy></SrcCcy><TrgtCcy></TrgtCcy><UnitCcy></UnitCcy><XchgRate></XchgRate></CcyXchg></PrtryAmt><Amt></Amt></AmtDtls><BkTxCd><Domn><Cd></Cd><Fmly><Cd></Cd><SubFmlyCd></SubFmlyCd></Fmly></Domn><Prtry><Cd></Cd><Issr></Issr></Prtry></BkTxCd><RltdPties><Dbtr><Id><Othr><Id>7735602068</Id></Othr></Id><Nm>ООО РОМАШКА</Nm><PstlAdr><StrtNm></StrtNm><BldgNb></BldgNb><PstCd></PstCd><TwnNm></TwnNm><Ctry></Ctry></PstlAdr></Dbtr><DbtrAcct><Id><IBAN></IBAN><Othr><Id></Id><SchmeNm><Cd></Cd></SchmeNm></Othr></Id><Other><Id>40702810440000030888</Id></Other></DbtrAcct><Cdtr><Id><Othr><Id></Id></Othr></Id><Nm></Nm><PstlAdr><StrtNm></StrtNm><BldgNb></BldgNb><PstCd></PstCd><TwnNm></TwnNm><Ctry></Ctry></PstlAdr></Cdtr><CdtrAcct><Id><IBAN></IBAN><Othr><Id></Id><SchmeNm><Cd></Cd></SchmeNm></Othr></Id><Other><Id></Id></Other></CdtrAcct></RltdPties><RltdAgts><CdtrAgt><FinInstnId><BIC></BIC><Nm></Nm><PstlAdr><StrtNm></StrtNm><BldgNb></BldgNb><PstCd></PstCd><TwnNm></TwnNm><Ctry></Ctry></PstlAdr></FinInstnId></CdtrAgt><DbtrAgt><FinInstnId><BIC>044525225</BIC><Nm>ПАО Сбербанк</Nm><PstlAdr><StrtNm></StrtNm><BldgNb></BldgNb><PstCd></PstCd><TwnNm></TwnNm><Ctry></Ctry></PstlAdr></FinInstnId></DbtrAgt></RltdAgts><RmtInf><Ustrd>Окончательный расчет за создание сайта НДС не облагается.</Ustrd><Strd><CdtrRefInf><Tp><CdOrPrtry><Cd></Cd></CdOrPrtry></Tp><Ref></Ref></CdtrRefInf></Strd></RmtInf><RltdDts><AccptncDtTm></AccptncDtTm></RltdDts><AddtlTxInf></AddtlTxInf></TxDtls></NtryDtls></Ntry><Ntry><NtryRef>0</NtryRef><Amt Ccy="RUB">3000.00</Amt><CdtDbtInd>DBIT</CdtDbtInd><Sts></Sts><BookgDt><Dt>2024-06-05</Dt></BookgDt><ValDt><Dt>2024-06-05</Dt></ValDt><AcctSvcrRef>15</AcctSvcrRef><BkTxCd><Domn><Cd></Cd><Fmly><Cd></Cd><SubFmlyCd></SubFmlyCd></Fmly></Domn><Prtry><Cd>01</Cd><Issr>ПАО СБЕРБАНК
</Issr></Prtry></BkTxCd><AddtlInfInd><MsgNmId></MsgNmId></AddtlInfInd><NtryDtls><Btch><NbOfTxs>0</NbOfTxs></Btch><TxDtls><Refs><PmtInfId></PmtInfId><InstrId></InstrId><EndToEndId>1</EndToEndId><TxId></TxId><Prtry><Tp></Tp><Ref></Ref></Prtry></Refs><AmtDtls><EndToEndId></EndToEndId><InstdAmt><Tp></Tp><Amt Ccy=""></Amt><CcyXchg><SrcCcy></SrcCcy><TrgtCcy></TrgtCcy><UnitCcy></UnitCcy><XchgRate></XchgRate></CcyXchg></InstdAmt><TxAmt><Tp></Tp><Amt Ccy=""></Amt><CcyXchg><SrcCcy></SrcCcy><TrgtCcy></TrgtCcy><UnitCcy></UnitCcy><XchgRate></XchgRate></CcyXchg></TxAmt><PrtryAmt><Tp></Tp><Amt Ccy=""></Amt><CcyXchg><SrcCcy></SrcCcy><TrgtCcy></TrgtCcy><UnitCcy></UnitCcy><XchgRate></XchgRate></CcyXchg></PrtryAmt><Amt></Amt></AmtDtls><BkTxCd><Domn><Cd></Cd><Fmly><Cd></Cd><SubFmlyCd></SubFmlyCd></Fmly></Domn><Prtry><Cd></Cd><Issr></Issr></Prtry></BkTxCd><RltdPties><Dbtr><Id><Othr><Id>7735602068</Id></Othr></Id><Nm>ООО РОМАШКА</Nm><PstlAdr><StrtNm></StrtNm><BldgNb></BldgNb><PstCd></PstCd><TwnNm></TwnNm><Ctry></Ctry></PstlAdr></Dbtr><DbtrAcct><Id><IBAN></IBAN><Othr><Id></Id><SchmeNm><Cd></Cd></SchmeNm></Othr></Id><Other><Id>40702810440000030888</Id></Other></DbtrAcct><Cdtr><Id><Othr><Id>7735602068</Id></Othr></Id><Nm>ООО РОМАШКА</Nm><PstlAdr><StrtNm></StrtNm><BldgNb></BldgNb><PstCd></PstCd><TwnNm></TwnNm><Ctry></Ctry></PstlAdr></Cdtr><CdtrAcct><Id><IBAN></IBAN><Othr><Id></Id><SchmeNm><Cd></Cd></SchmeNm></Othr></Id><Other><Id>40702810440000030888</Id></Other></CdtrAcct></RltdPties><RltdAgts><CdtrAgt><FinInstnId><BIC></BIC><Nm></Nm><PstlAdr><StrtNm></StrtNm><BldgNb></BldgNb><PstCd></PstCd><TwnNm></TwnNm><Ctry></Ctry></PstlAdr></FinInstnId></CdtrAgt><DbtrAgt><FinInstnId><BIC></BIC><Nm></Nm><PstlAdr><StrtNm></StrtNm><BldgNb></BldgNb><PstCd></PstCd><TwnNm></TwnNm><Ctry></Ctry></PstlAdr></FinInstnId></DbtrAgt></RltdAgts><RmtInf><Ustrd>ЕДИНЫЙ НАЛОГОВЫЙ ПЛАТЕЖ  НДС не облагается.</Ustrd><Strd><CdtrRefInf><Tp><CdOrPrtry><Cd></Cd></CdOrPrtry></Tp><Ref></Ref></CdtrRefInf></Strd></RmtInf><RltdDts><AccptncDtTm></AccptncDtTm></RltdDts><AddtlTxInf></AddtlTxInf></TxDtls></NtryDtls></Ntry><Ntry><NtryRef>0</NtryRef><Amt Ccy="RUB">3200.00</Amt><CdtDbtInd>DBIT</CdtDbtInd><Sts></Sts><BookgDt><Dt>2024-06-05</Dt></BookgDt><ValDt><Dt>2024-06-05</Dt></ValDt><AcctSvcrRef>16</AcctSvcrRef><BkTxCd><Domn><Cd></Cd><Fmly><Cd></Cd><SubFmlyCd></SubFmlyCd></Fmly></Domn><Prtry><Cd>01</Cd><Issr>ПАО СБЕРБАНК
</Issr></Prtry></BkTxCd><AddtlInfInd><MsgNmId></MsgNmId></AddtlInfInd><NtryDtls><Btch><NbOfTxs>0</NbOfTxs></Btch><TxDtls><Refs><PmtInfId></PmtInfId><InstrId></InstrId><EndToEndId>1</EndToEndId><TxId></TxId><Prtry><Tp></Tp><Ref></Ref></Prtry></Refs><AmtDtls><EndToEndId></EndToEndId><InstdAmt><Tp></Tp><Amt Ccy=""></Amt><CcyXchg><SrcCcy></SrcCcy><TrgtCcy></TrgtCcy><UnitCcy></UnitCcy><XchgRate></XchgRate></CcyXchg></InstdAmt><TxAmt><Tp></Tp><Amt Ccy=""></Amt><CcyXchg><SrcCcy></SrcCcy><TrgtCcy></TrgtCcy><UnitCcy></UnitCcy><XchgRate></XchgRate></CcyXchg></TxAmt><PrtryAmt><Tp></Tp><Amt Ccy=""></Amt><CcyXchg><SrcCcy></SrcCcy><TrgtCcy></TrgtCcy><UnitCcy></UnitCcy><XchgRate></XchgRate></CcyXchg></PrtryAmt><Amt></Amt></AmtDtls><BkTxCd><Domn><Cd></Cd><Fmly><Cd></Cd><SubFmlyCd></SubFmlyCd></Fmly></Domn><Prtry><Cd></Cd><Issr></Issr></Prtry></BkTxCd><RltdPties><Dbtr><Id><Othr><Id>7735602068</Id></Othr></Id><Nm>ООО РОМАШКА</Nm><PstlAdr><StrtNm></StrtNm><BldgNb></BldgNb><PstCd></PstCd><TwnNm></TwnNm><Ctry></Ctry></PstlAdr></Dbtr><DbtrAcct><Id><IBAN></IBAN><Othr><Id></Id><SchmeNm><Cd></Cd></SchmeNm></Othr></Id><Other><Id>40702810440000030888</Id></Other></DbtrAcct><Cdtr><Id><Othr><Id>7735602068</Id></Othr></Id><Nm>ООО РОМАШКА</Nm><PstlAdr><StrtNm></StrtNm><BldgNb></BldgNb><PstCd></PstCd><TwnNm></TwnNm><Ctry></Ctry></PstlAdr></Cdtr><CdtrAcct><Id><IBAN></IBAN><Othr><Id></Id><SchmeNm><Cd></Cd></SchmeNm></Othr></Id><Other><Id>40702810440000030888</Id></Other></CdtrAcct></RltdPties><RltdAgts><CdtrAgt><FinInstnId><BIC></BIC><Nm></Nm><PstlAdr><StrtNm></StrtNm><BldgNb></BldgNb><PstCd></PstCd><TwnNm></TwnNm><Ctry></Ctry></PstlAdr></FinInstnId></CdtrAgt><DbtrAgt><FinInstnId><BIC></BIC><Nm></Nm><PstlAdr><StrtNm></StrtNm><BldgNb></BldgNb><PstCd></PstCd><TwnNm></TwnNm><Ctry></Ctry></PstlAdr></FinInstnId></DbtrAgt></RltdAgts><RmtInf><Ustrd>Оплата телекоммуникационных услуг связи по Счету ММС#406002778 от 04.06.2024г. Номер лицевого счета 16762926Сумма 3200.00В т.ч. НДС 533.33</Ustrd><Strd><CdtrRefInf><Tp><CdOrPrtry><Cd></Cd></CdOrPrtry></Tp><Ref></Ref></CdtrRefInf></Strd></RmtInf><RltdDts><AccptncDtTm></AccptncDtTm></RltdDts><AddtlTxInf></AddtlTxInf></TxDtls></NtryDtls></Ntry><Ntry><NtryRef>0</NtryRef><Amt Ccy="RUB">2000.00</Amt><CdtDbtInd>DBIT</CdtDbtInd><Sts></Sts><BookgDt><Dt>2024-08-02</Dt></BookgDt><ValDt><Dt>2024-08-02</Dt></ValDt><AcctSvcrRef>17</AcctSvcrRef><BkTxCd><Domn><Cd></Cd><Fmly><Cd></Cd><SubFmlyCd></SubFmlyCd></Fmly></Domn><Prtry><Cd>01</Cd><Issr>ПАО СБЕРБАНК
</Issr></Prtry></BkTxCd><AddtlInfInd><MsgNmId></MsgNmId></AddtlInfInd><NtryDtls><Btch><NbOfTxs>0</NbOfTxs></Btch><TxDtls><Refs><PmtInfId></PmtInfId><InstrId></InstrId><EndToEndId>1</EndToEndId><TxId></TxId><Prtry><Tp></Tp><Ref></Ref></Prtry></Refs><AmtDtls><EndToEndId></EndToEndId><InstdAmt><Tp></Tp><Amt Ccy=""></Amt><CcyXchg><SrcCcy></SrcCcy><TrgtCcy></TrgtCcy><UnitCcy></UnitCcy><XchgRate></XchgRate></CcyXchg></InstdAmt><TxAmt><Tp></Tp><Amt Ccy=""></Amt><CcyXchg><SrcCcy></SrcCcy><TrgtCcy></TrgtCcy><UnitCcy></UnitCcy><XchgRate></XchgRate></CcyXchg></TxAmt><PrtryAmt><Tp></Tp><Amt Ccy=""></Amt><CcyXchg><SrcCcy></SrcCcy><TrgtCcy></TrgtCcy><UnitCcy></UnitCcy><XchgRate></XchgRate></CcyXchg></PrtryAmt><Amt></Amt></AmtDtls><BkTxCd><Domn><Cd></Cd><Fmly><Cd></Cd><SubFmlyCd></SubFmlyCd></Fmly></Domn><Prtry><Cd></Cd><Issr></Issr></Prtry></BkTxCd><RltdPties><Dbtr><Id><Othr><Id>7735602068</Id></Othr></Id><Nm>ООО РОМАШКА</Nm><PstlAdr><StrtNm></StrtNm><BldgNb></BldgNb><PstCd></PstCd><TwnNm></TwnNm><Ctry></Ctry></PstlAdr></Dbtr><DbtrAcct><Id><IBAN></IBAN><Othr><Id></Id><SchmeNm><Cd></Cd></SchmeNm></Othr></Id><Other><Id>40702810440000030888</Id></Other></DbtrAcct><Cdtr><Id><Othr><Id>7735602068</Id></Othr></Id><Nm>ООО РОМАШКА</Nm><PstlAdr><StrtNm></StrtNm><BldgNb></BldgNb><PstCd></PstCd><TwnNm></TwnNm><Ctry></Ctry></PstlAdr></Cdtr><CdtrAcct><Id><IBAN></IBAN><Othr><Id></Id><SchmeNm><Cd></Cd></SchmeNm></Othr></Id><Other><Id>40702810440000030888</Id></Other></CdtrAcct></RltdPties><RltdAgts><CdtrAgt><FinInstnId><BIC></BIC><Nm></Nm><PstlAdr><StrtNm></StrtNm><BldgNb></BldgNb><PstCd></PstCd><TwnNm></TwnNm><Ctry></Ctry></PstlAdr></FinInstnId></CdtrAgt><DbtrAgt><FinInstnId><BIC></BIC><Nm></Nm><PstlAdr><StrtNm></StrtNm><BldgNb></BldgNb><PstCd></PstCd><TwnNm></TwnNm><Ctry></Ctry></PstlAdr></FinInstnId></DbtrAgt></RltdAgts><RmtInf><Ustrd>Оплата телекоммуникационных услуг связи по Счету ММС#408001789 от 02.08.2024г.Номер лицевого счета 16762926 Сумма 2000.00 В т.ч. НДС 333.33</Ustrd><Strd><CdtrRefInf><Tp><CdOrPrtry><Cd></Cd></CdOrPrtry></Tp><Ref></Ref></CdtrRefInf></Strd></RmtInf><RltdDts><AccptncDtTm></AccptncDtTm></RltdDts><AddtlTxInf></AddtlTxInf></TxDtls></NtryDtls></Ntry><Ntry><NtryRef>0</NtryRef><Amt Ccy="RUB">2000.00</Amt><CdtDbtInd>DBIT</CdtDbtInd><Sts></Sts><BookgDt><Dt>2024-09-26</Dt></BookgDt><ValDt><Dt>2024-09-26</Dt></ValDt><AcctSvcrRef>18</AcctSvcrRef><BkTxCd><Domn><Cd></Cd><Fmly><Cd></Cd><SubFmlyCd></SubFmlyCd></Fmly></Domn><Prtry><Cd>01</Cd><Issr>ПАО СБЕРБАНК
</Issr></Prtry></BkTxCd><AddtlInfInd><MsgNmId></MsgNmId></AddtlInfInd><NtryDtls><Btch><NbOfTxs>0</NbOfTxs></Btch><TxDtls><Refs><PmtInfId></PmtInfId><InstrId></InstrId><EndToEndId>1</EndToEndId><TxId></TxId><Prtry><Tp></Tp><Ref></Ref></Prtry></Refs><AmtDtls><EndToEndId></EndToEndId><InstdAmt><Tp></Tp><Amt Ccy=""></Amt><CcyXchg><SrcCcy></SrcCcy><TrgtCcy></TrgtCcy><UnitCcy></UnitCcy><XchgRate></XchgRate></CcyXchg></InstdAmt><TxAmt><Tp></Tp><Amt Ccy=""></Amt><CcyXchg><SrcCcy></SrcCcy><TrgtCcy></TrgtCcy><UnitCcy></UnitCcy><XchgRate></XchgRate></CcyXchg></TxAmt><PrtryAmt><Tp></Tp><Amt Ccy=""></Amt><CcyXchg><SrcCcy></SrcCcy><TrgtCcy></TrgtCcy><UnitCcy></UnitCcy><XchgRate></XchgRate></CcyXchg></PrtryAmt><Amt></Amt></AmtDtls><BkTxCd><Domn><Cd></Cd><Fmly><Cd></Cd><SubFmlyCd></SubFmlyCd></Fmly></Domn><Prtry><Cd></Cd><Issr></Issr></Prtry></BkTxCd><RltdPties><Dbtr><Id><Othr><Id>7735602068</Id></Othr></Id><Nm>ООО РОМАШКА</Nm><PstlAdr><StrtNm></StrtNm><BldgNb></BldgNb><PstCd></PstCd><TwnNm></TwnNm><Ctry></Ctry></PstlAdr></Dbtr><DbtrAcct><Id><IBAN></IBAN><Othr><Id></Id><SchmeNm><Cd></Cd></SchmeNm></Othr></Id><Other><Id>40702810440000030888</Id></Other></DbtrAcct><Cdtr><Id><Othr><Id>7735602068</Id></Othr></Id><Nm>ООО РОМАШКА</Nm><PstlAdr><StrtNm></StrtNm><BldgNb></BldgNb><PstCd></PstCd><TwnNm></TwnNm><Ctry></Ctry></PstlAdr></Cdtr><CdtrAcct><Id><IBAN></IBAN><Othr><Id></Id><SchmeNm><Cd></Cd></SchmeNm></Othr></Id><Other><Id>40702810440000030888</Id></Other></CdtrAcct></RltdPties><RltdAgts><CdtrAgt><FinInstnId><BIC></BIC><Nm></Nm><PstlAdr><StrtNm></StrtNm><BldgNb></BldgNb><PstCd></PstCd><TwnNm></TwnNm><Ctry></Ctry></PstlAdr></FinInstnId></CdtrAgt><DbtrAgt><FinInstnId><BIC></BIC><Nm></Nm><PstlAdr><StrtNm></StrtNm><BldgNb></BldgNb><PstCd></PstCd><TwnNm></TwnNm><Ctry></Ctry></PstlAdr></FinInstnId></DbtrAgt></RltdAgts><RmtInf><Ustrd>Оплата телекоммуникационных услуг связи по Номер лицевого счета 16762926 Сумма 2000.00 В т.ч. НДС 333.33</Ustrd><Strd><CdtrRefInf><Tp><CdOrPrtry><Cd></Cd></CdOrPrtry></Tp><Ref></Ref></CdtrRefInf></Strd></RmtInf><RltdDts><AccptncDtTm></AccptncDtTm></RltdDts><AddtlTxInf></AddtlTxInf></TxDtls></NtryDtls></Ntry><Ntry><NtryRef>0</NtryRef><Amt Ccy="RUB">10000.00</Amt><CdtDbtInd>CDIT</CdtDbtInd><Sts></Sts><BookgDt><Dt>2024-09-26</Dt></BookgDt><ValDt><Dt>2024-09-26</Dt></ValDt><AcctSvcrRef>479209</AcctSvcrRef><BkTxCd><Domn><Cd></Cd><Fmly><Cd></Cd><SubFmlyCd></SubFmlyCd></Fmly></Domn><Prtry><Cd>01</Cd><Issr>ПАО СБЕРБАНК
</Issr></Prtry></BkTxCd><AddtlInfInd><MsgNmId></MsgNmId></AddtlInfInd><NtryDtls><Btch><NbOfTxs>0</NbOfTxs></Btch><TxDtls><Refs><PmtInfId></PmtInfId><InstrId></InstrId><EndToEndId>1</EndToEndId><TxId></TxId><Prtry><Tp></Tp><Ref></Ref></Prtry></Refs><AmtDtls><EndToEndId></EndToEndId><InstdAmt><Tp></Tp><Amt Ccy=""></Amt><CcyXchg><SrcCcy></SrcCcy><TrgtCcy></TrgtCcy><UnitCcy></UnitCcy><XchgRate></XchgRate></CcyXchg></InstdAmt><TxAmt><Tp></Tp><Amt Ccy=""></Amt><CcyXchg><SrcCcy></SrcCcy><TrgtCcy></TrgtCcy><UnitCcy></UnitCcy><XchgRate></XchgRate></CcyXchg></TxAmt><PrtryAmt><Tp></Tp><Amt Ccy=""></Amt><CcyXchg><SrcCcy></SrcCcy><TrgtCcy></TrgtCcy><UnitCcy></UnitCcy><XchgRate></XchgRate></CcyXchg></PrtryAmt><Amt></Amt></AmtDtls><BkTxCd><Domn><Cd></Cd><Fmly><Cd></Cd><SubFmlyCd></SubFmlyCd></Fmly></Domn><Prtry><Cd></Cd><Issr></Issr></Prtry></BkTxCd><RltdPties><Dbtr><Id><Othr><Id>7707083893</Id></Othr></Id><Nm>ПАО СБЕРБАНК//ИВАНОВА ЕВГЕНИЯ ИВАНОВНА//1931284503515//125466, РОССИЯ, МОСКВА Г, Г МОСКВА,УЛ.ЛЕНИНСКИЙ ПРОСПЕКТ Д.1 КВ.17</Nm><PstlAdr><StrtNm></StrtNm><BldgNb></BldgNb><PstCd></PstCd><TwnNm></TwnNm><Ctry></Ctry></PstlAdr></Dbtr><DbtrAcct><Id><IBAN></IBAN><Othr><Id></Id><SchmeNm><Cd></Cd></SchmeNm></Othr></Id><Other><Id>30233810642000600001</Id></Other></DbtrAcct><Cdtr><Id><Othr><Id>7707083893</Id></Othr></Id><Nm>ПАО СБЕРБАНК//ИВАНОВА ЕВГЕНИЯ ИВАНОВНА//1931284503515//125466, РОССИЯ, МОСКВА Г, Г МОСКВА,УЛ.ЛЕНИНСКИЙ ПРОСПЕКТ Д.1 КВ.17</Nm><PstlAdr><StrtNm></StrtNm><BldgNb></BldgNb><PstCd></PstCd><TwnNm></TwnNm><Ctry></Ctry></PstlAdr></Cdtr><CdtrAcct><Id><IBAN></IBAN><Othr><Id></Id><SchmeNm><Cd></Cd></SchmeNm></Othr></Id><Other><Id>30233810642000600001</Id></Other></CdtrAcct></RltdPties><RltdAgts><CdtrAgt><FinInstnId><BIC></BIC><Nm></Nm><PstlAdr><StrtNm></StrtNm><BldgNb></BldgNb><PstCd></PstCd><TwnNm></TwnNm><Ctry></Ctry></PstlAdr></FinInstnId></CdtrAgt><DbtrAgt><FinInstnId><BIC></BIC><Nm></Nm><PstlAdr><StrtNm></StrtNm><BldgNb></BldgNb><PstCd></PstCd><TwnNm></TwnNm><Ctry></Ctry></PstlAdr></FinInstnId></DbtrAgt></RltdAgts><RmtInf><Ustrd>Предоставление займа по договору 01/з от 24/01/2023.НДС не облагается;26/09/2024</Ustrd><Strd><CdtrRefInf><Tp><CdOrPrtry><Cd></Cd></CdOrPrtry></Tp><Ref></Ref></CdtrRefInf></Strd></RmtInf><RltdDts><AccptncDtTm></AccptncDtTm></RltdDts><AddtlTxInf></AddtlTxInf></TxDtls></NtryDtls></Ntry><Ntry><NtryRef>0</NtryRef><Amt Ccy="RUB">2000.00</Amt><CdtDbtInd>DBIT</CdtDbtInd><Sts></Sts><BookgDt><Dt>2024-10-27</Dt></BookgDt><ValDt><Dt>2024-10-27</Dt></ValDt><AcctSvcrRef>19</AcctSvcrRef><BkTxCd><Domn><Cd></Cd><Fmly><Cd></Cd><SubFmlyCd></SubFmlyCd></Fmly></Domn><Prtry><Cd>01</Cd><Issr>ПАО СБЕРБАНК
</Issr></Prtry></BkTxCd><AddtlInfInd><MsgNmId></MsgNmId></AddtlInfInd><NtryDtls><Btch><NbOfTxs>0</NbOfTxs></Btch><TxDtls><Refs><PmtInfId></PmtInfId><InstrId></InstrId><EndToEndId>1</EndToEndId><TxId></TxId><Prtry><Tp></Tp><Ref></Ref></Prtry></Refs><AmtDtls><EndToEndId></EndToEndId><InstdAmt><Tp></Tp><Amt Ccy=""></Amt><CcyXchg><SrcCcy></SrcCcy><TrgtCcy></TrgtCcy><UnitCcy></UnitCcy><XchgRate></XchgRate></CcyXchg></InstdAmt><TxAmt><Tp></Tp><Amt Ccy=""></Amt><CcyXchg><SrcCcy></SrcCcy><TrgtCcy></TrgtCcy><UnitCcy></UnitCcy><XchgRate></XchgRate></CcyXchg></TxAmt><PrtryAmt><Tp></Tp><Amt Ccy=""></Amt><CcyXchg><SrcCcy></SrcCcy><TrgtCcy></TrgtCcy><UnitCcy></UnitCcy><XchgRate></XchgRate></CcyXchg></PrtryAmt><Amt></Amt></AmtDtls><BkTxCd><Domn><Cd></Cd><Fmly><Cd></Cd><SubFmlyCd></SubFmlyCd></Fmly></Domn><Prtry><Cd></Cd><Issr></Issr></Prtry></BkTxCd><RltdPties><Dbtr><Id><Othr><Id>7735602068</Id></Othr></Id><Nm>ООО РОМАШКА</Nm><PstlAdr><StrtNm></StrtNm><BldgNb></BldgNb><PstCd></PstCd><TwnNm></TwnNm><Ctry></Ctry></PstlAdr></Dbtr><DbtrAcct><Id><IBAN></IBAN><Othr><Id></Id><SchmeNm><Cd></Cd></SchmeNm></Othr></Id><Other><Id>40702810440000030888</Id></Other></DbtrAcct><Cdtr><Id><Othr><Id>7735602068</Id></Othr></Id><Nm>ООО РОМАШКА</Nm><PstlAdr><StrtNm></StrtNm><BldgNb></BldgNb><PstCd></PstCd><TwnNm></TwnNm><Ctry></Ctry></PstlAdr></Cdtr><CdtrAcct><Id><IBAN></IBAN><Othr><Id></Id><SchmeNm><Cd></Cd></SchmeNm></Othr></Id><Other><Id>40702810440000030888</Id></Other></CdtrAcct></RltdPties><RltdAgts><CdtrAgt><FinInstnId><BIC></BIC><Nm></Nm><PstlAdr><StrtNm></StrtNm><BldgNb></BldgNb><PstCd></PstCd><TwnNm></TwnNm><Ctry></Ctry></PstlAdr></FinInstnId></CdtrAgt><DbtrAgt><FinInstnId><BIC></BIC><Nm></Nm><PstlAdr><StrtNm></StrtNm><BldgNb></BldgNb><PstCd></PstCd><TwnNm></TwnNm><Ctry></Ctry></PstlAdr></FinInstnId></DbtrAgt></RltdAgts><RmtInf><Ustrd>Оплата телекоммуникационных услуг связи по Номер лицевого счета 16762926 Сумма 2000.00 В т.ч. НДС 333.33</Ustrd><Strd><CdtrRefInf><Tp><CdOrPrtry><Cd></Cd></CdOrPrtry></Tp><Ref></Ref></CdtrRefInf></Strd></RmtInf><RltdDts><AccptncDtTm></AccptncDtTm></RltdDts><AddtlTxInf></AddtlTxInf></TxDtls></NtryDtls></Ntry><Ntry><NtryRef>0</NtryRef><Amt Ccy="RUB">1950.00</Amt><CdtDbtInd>DBIT</CdtDbtInd><Sts></Sts><BookgDt><Dt>2024-12-24</Dt></BookgDt><ValDt><Dt>2024-12-24</Dt></ValDt><AcctSvcrRef>20</AcctSvcrRef><BkTxCd><Domn><Cd></Cd><Fmly><Cd></Cd><SubFmlyCd></SubFmlyCd></Fmly></Domn><Prtry><Cd>01</Cd><Issr>ПАО СБЕРБАНК
</Issr></Prtry></BkTxCd><AddtlInfInd><MsgNmId></MsgNmId></AddtlInfInd><NtryDtls><Btch><NbOfTxs>0</NbOfTxs></Btch><TxDtls><Refs><PmtInfId></PmtInfId><InstrId></InstrId><EndToEndId>1</EndToEndId><TxId></TxId><Prtry><Tp></Tp><Ref></Ref></Prtry></Refs><AmtDtls><EndToEndId></EndToEndId><InstdAmt><Tp></Tp><Amt Ccy=""></Amt><CcyXchg><SrcCcy></SrcCcy><TrgtCcy></TrgtCcy><UnitCcy></UnitCcy><XchgRate></XchgRate></CcyXchg></InstdAmt><TxAmt><Tp></Tp><Amt Ccy=""></Amt><CcyXchg><SrcCcy></SrcCcy><TrgtCcy></TrgtCcy><UnitCcy></UnitCcy><XchgRate></XchgRate></CcyXchg></TxAmt><PrtryAmt><Tp></Tp><Amt Ccy=""></Amt><CcyXchg><SrcCcy></SrcCcy><TrgtCcy></TrgtCcy><UnitCcy></UnitCcy><XchgRate></XchgRate></CcyXchg></PrtryAmt><Amt></Amt></AmtDtls><BkTxCd><Domn><Cd></Cd><Fmly><Cd></Cd><SubFmlyCd></SubFmlyCd></Fmly></Domn><Prtry><Cd></Cd><Issr></Issr></Prtry></BkTxCd><RltdPties><Dbtr><Id><Othr><Id>7735602068</Id></Othr></Id><Nm>ООО РОМАШКА</Nm><PstlAdr><StrtNm></StrtNm><BldgNb></BldgNb><PstCd></PstCd><TwnNm></TwnNm><Ctry></Ctry></PstlAdr></Dbtr><DbtrAcct><Id><IBAN></IBAN><Othr><Id></Id><SchmeNm><Cd></Cd></SchmeNm></Othr></Id><Other><Id>40702810440000030888</Id></Other></DbtrAcct><Cdtr><Id><Othr><Id>7735602068</Id></Othr></Id><Nm>ООО РОМАШКА</Nm><PstlAdr><StrtNm></StrtNm><BldgNb></BldgNb><PstCd></PstCd><TwnNm></TwnNm><Ctry></Ctry></PstlAdr></Cdtr><CdtrAcct><Id><IBAN></IBAN><Othr><Id></Id><SchmeNm><Cd></Cd></SchmeNm></Othr></Id><Other><Id>40702810440000030888</Id></Other></CdtrAcct></RltdPties><RltdAgts><CdtrAgt><FinInstnId><BIC></BIC><Nm></Nm><PstlAdr><StrtNm></StrtNm><BldgNb></BldgNb><PstCd></PstCd><TwnNm></TwnNm><Ctry></Ctry></PstlAdr></FinInstnId></CdtrAgt><DbtrAgt><FinInstnId><BIC></BIC><Nm></Nm><PstlAdr><StrtNm></StrtNm><BldgNb></BldgNb><PstCd></PstCd><TwnNm></TwnNm><Ctry></Ctry></PstlAdr></FinInstnId></DbtrAgt></RltdAgts><RmtInf><Ustrd>Оплата телекоммуникационных услуг связи по Номер лицевого счета 16762926 счет ММС#412013422 от 24/12/2024  Сумма 2000.00 В том числе НДС 20 % - 325,00 рублей.</Ustrd><Strd><CdtrRefInf><Tp><CdOrPrtry><Cd></Cd></CdOrPrtry></Tp><Ref></Ref></CdtrRefInf></Strd></RmtInf><RltdDts><AccptncDtTm></AccptncDtTm></RltdDts><AddtlTxInf></AddtlTxInf></TxDtls></NtryDtls></Ntry></Stmt></BkToCstmrStmt></Document>